3075 5417
410 565 455 612 nn
480 565 689 613 nurarroxn
707 566 742 612 m
758 565 1054 617 rnsrmrcnrroxn.
1257 547 1319 614 351

142 688 267 742 mutatio
286 703 344 741 non
365 694 410 741 est
429 688 466 740 ad
486 689 618 756 aliquam
640 691 762 741 tonnam
793 689 960 757 positivam.
985 689 1041 740 nisi
1070 689 1108 740 alr
1127 704 1161 740 eo
1181 688 1258 756 quod
1279 695 1324 742 est

142 768 303 821 formaliter
321 767 385 834 erius
406 769 547 835 privatio:
568 768 619 819 sed
634 777 801 836 peecatum.
817 781 850 822 ut
864 768 1004 832 diximus
1021 784 1079 820 nou
1099 774 1142 821 est
1163 769 1324 821 lormaliter

142 848 267 915 privatio
280 848 382 916 gratioe
396 848 623 910 sanctificantis:
638 849 727 900 urriea
741 849 823 901 enirn
839 850 930 900 lorma
944 863 1000 900 non
1019 848 1104 901 irabot
1126 849 1181 900 nisi
1203 850 1321 900 unicam

141 928 355 994 privationem:
377 934 530 996 pennatum
559 931 658 980 autem
687 928 880 996 multiplieari
910 932 1005 996 potest
1035 928 1063 979 in
1086 931 1248 995 peccatore,
1270 928 1322 995 qui

135 1007 198 1070 jam
219 1008 344 1075 grat-iam
363 1008 463 1060 amisit
482 1023 533 1076 per
553 1007 679 1075 primum
700 1017 864 1076 praecatura,
885 1007 1018 1075 adeoque
1033 1017 1187 1075 peecatum
1202 1023 1260 1059 non
1276 1017 1321 1061 est

141 1088 303 1140 lormaliter
321 1088 446 1156 privatio
465 1089 579 1156 gratim.

197 1167 291 1221 lituus
307 1169 336 1220 1:
359 1166 473 1221 Concil.
491 1167 637 1232 Trident.,
653 1166 731 1221 sias.
750 1169 776 1220 6.
792 1184 857 1236 eap.
879 1170 899 1220 i.
915 1167 1241 1234 dieitjuslilieationenr
1257 1182 1321 1221 esse

140 1248 362 1301 translationem
393 1264 410 1300 a
438 1257 517 1300 statu
545 1249 659 1316 precati
688 1248 724 1300 nd
744 1255 854 1302 statum
882 1248 995 1317 gratiae.
1019 1247 1055 1300 Et
1077 1263 1141 1315 cap
1164 1247 1188 1300 i.
1213 1249 1315 1310 llonm,

140 1327 248 1394 inquit,
268 1344 321 1394 per
339 1330 548 1394 serseeplronem
578 1327 683 1396 prono.
702 1329 728 1378 ot
747 1329 893 1380 ‹Iollam-nm
912 1343 949 1380 aa
968 1327 1080 1390 injusto
1099 1329 1132 1393 fii
1151 1329 1265 1392 jamim.
1296 1329 1321 1378 et

140 1423 178 1459 er
196 1407 315 1458 inimieo
333 1407 467 1459 ‹torti-m.-
488 1422 557 1476 ergo
577 1415 678 1461 censet
698 1407 776 1475 quod
811 1407 978 1461 immediate.
997 1413 1026 1460 et
1046 1408 1111 1460 sine
1130 1422 1206 1459 nova
1227 1411 1321 1460 muta-

141 1488 220 1540 tione
233 1503 285 1555 per
298 1488 475 1540 inlusionem
487 1489 590 1557 gratiae
602 1495 755 1556 peecatum
772 1488 932 1541 lormaliter
946 1488 1115 1552 renritlitur3
1134 1487 1321 1555 subindeque

139 1567 218 1634 quod
239 1569 268 1618 in
289 1568 497 1632 iustificatione
516 1568 678 1635 peccatoris
696 1566 735 1620 sit
754 1568 844 1620 uniea
862 1567 1017 1620 dumtaxat
1039 1568 1172 1620 mutatio.
1187 1568 1320 1633 —Nego

136 1649 399 1711 consequentiam,
419 1657 449 1701 et
467 1647 504 1699 ad
523 1647 693 1700 ‹orto-odem·
713 1647 779 1699 dieo
805 1647 884 1714 ‹prod
904 1647 1017 1700 Coneil.
1039 1647 1195 1700 dumtaxat
1217 1647 1321 1700 doceat

141 1727 172 1778 iu
188 1727 400 1792 ¹iustificatione
422 1728 582 1795 peeeutoris
604 1729 664 1779 lieri
686 1742 789 1780 verum
812 1735 921 1779 motum
942 1743 960 1778 a
979 1728 1125 1780 centrario
1152 1727 1180 1778 in
1201 1734 1317 1780 eontra·

142 1807 216 1859 rium
246 1808 425 1874 terminum3
448 1808 488 1861 ita
514 1815 546 1860 ut
574 1808 613 1860 sit
632 1808 769 1875 expulsio
793 1808 904 1875 peceati
932 1815 960 1860 et
987 1807 1165 1860 liu-rodnetio
1193 1808 1317 1876 gratiae:

140 1903 198 1938 non
220 1899 318 1940 autern
340 1888 467 1941 intendit
487 1886 654 1940 [torrentum
675 1888 753 1954 quod
775 1887 826 1940 ille
846 1899 943 1940 motus
962 1889 1001 1940 sit
1023 1888 1132 1940 unicus
1162 1886 1318 1940 dumtaxat

139 1975 169 2020 et
188 1968 325 2035 simplex,
346 1968 397 2020 sed
418 1969 598 2035 compositus
617 1984 654 2018 ex
674 1968 789 2035 duplici
804 1975 894 2030 motu,
909 1968 1007 2033 <taralis
1022 1967 1160 2019 videlieet
1177 1968 1320 2035 reperitur

141 2049 170 2100 in
192 2048 383 2115 productione.
403 2048 519 2112 caloris,
541 2055 569 2099 et
589 2048 765 2116 expulsione
786 2048 913 2115 trigoris,
927 2049 976 2100 ubi
998 2048 1057 2100 dno
1076 2052 1146 2100 sunt
1166 2053 1263 2099 motus
1277 2062 1319 2099 es·

139 2127 306 2180 sernialirei·
333 2128 479 2180 distincti:
501 2143 579 2181 uirus
599 2144 617 2179 a
636 2143 695 2179 non
716 2144 780 2181 esso
799 2128 905 2180 eoloris
924 2128 962 2180 ad
991 2143 1055 2181 esse
1074 2127 1218 2190 qiusdmn:
1246 2125 1321 2179 alter

140 2221 211 2258 vero
230 2209 266 2259 alr
285 2222 349 2259 esse
369 2208 486 2276 trigoris
507 2208 535 2258 in
556 2207 689 2273 subjecto
710 2208 747 2259 nd
767 2223 825 2260 non
846 2222 910 2260 esse
928 2207 1072 2274 ejusdem.

195 2287 292 2339 Diras
312 2287 343 2339 2:
365 2285 394 2338 Si
415 2288 525 2354 duplex
547 2287 708 2340 intercedat
729 2288 853 2340 mutatio
872 2288 903 2339 in
919 2288 1131 2352 justificatione
1147 2286 1318 2354 peccatoris,

141 2383 294 2420 tineosum
315 2379 368 2426 est,
390 2367 467 2434 quod
489 2367 599 2435 duplex
621 2368 783 2421 intercedat
804 2369 914 2430 l'orma;
935 2367 1047 2435 duplex
1071 2368 1149 2419 eninr
1173 2367 1317 2434 reperitur

139 2449 260 2501 olibetus
281 2447 423 2504 lor-malis,
446 2463 550 2515 nempe.
571 2447 698 2499 hominis
732 2448 882 2501 renovatio
901 2457 930 2500 ol
960 2448 1071 2514 peceati
1092 2447 1247 2515 depulsio:
1268 2447 1319 2498 sed

141 2527 172 2579 id
191 2528 309 2579 videtur
337 2543 401 2580 esse
421 2535 523 2579 eontra
543 2536 670 2580 mentem
692 2528 817 2579 l'orreilii
839 2527 971 2580 Trident.
994 2527 1167 2579 nllirmanlis
1192 2542 1244 2578 nos
1265 2541 1318 2594 per

139 2608 273 2659 eamdem
302 2608 427 2675 gratiam
455 2624 472 2658 a
500 2618 620 2674 peceato
648 2607 786 2659 rnurrdari
806 2614 835 2659 et
855 2607 1008 2659 renovari:
1031 2607 1122 2672 igitur
1142 2622 1198 2658 non
1226 2613 1320 2673 polest

139 2705 203 2738 osse
223 2687 333 2754 duplex
354 2689 489 2740 rrmtatio.
512 2717 545 2724 -
565 2689 655 2752 Nego
684 2688 839 2750 sequelam
868 2689 1006 2753 maioris:
1037 2687 1105 2740 lieet
1124 2687 1202 2739 enim
1226 2687 1319 2752 inju-

140 2768 316 2820 stitientioue.
335 2768 497 2834 peecatoris
518 2767 628 2835 duplex
650 2768 686 2818 sil
707 2767 839 2820 (allectus.
862 2766 904 2819 illi
925 2775 1025 2820 tanren
1045 2767 1082 2819 ab
1107 2768 1193 2818 uniea
1225 2773 1318 2819 torma

140 2854 263 2914 possunt
284 2848 449 2914 proi-edere:
471 2848 512 2899 sie.
533 2848 569 2898 ab
589 2863 648 2900 uno
668 2847 765 2900 :adore
780 2847 944 2911 sulrieetum
967 2849 998 2899 lit
1018 2846 1148 2899 calidum
1163 2855 1192 2898 et
1213 2847 1320 2914 l‘rigore

141 2942 279 2992 vaenum,
300 2927 486 2994 subindeque
509 2943 566 2978 non
588 2935 631 2979 est
652 2942 783 2980 neeesse.
805 2926 883 2994 qnod
906 2927 972 2979 lieet
993 2928 1031 2980 sit
1051 2926 1160 2994 duplex
1183 2927 1317 2990 rutilatio,

139 3007 249 3074 duplex
270 3008 357 3059 etiam
379 3015 473 3058 lornm
495 3008 681 3060 interveniat.

194 3167 308 3218 l'u‘rns:
321 3183 358 3218 an
371 3168 554 3219 nudationes
573 3167 631 3218 illa
647 3169 706 3219 sint
722 3168 829 3219 reales?
840 3197 873 3205 —
884 3169 1062 3232 Respondet
1077 3169 1190 3219 Doctor
1210 3167 1318 3220 ibidem

142 3264 170 3299 n.
193 3250 218 3299 ti.
240 3247 318 3314 qued
338 3248 447 3298 inlusio
467 3248 570 3314 gratim
590 3253 619 3298 et
640 3249 773 3300 remissie
787 3248 882 3315 eulpa·
898 3262 955 3299 non
970 3255 1039 3299 sunt
1054 3248 1120 3299 duan
1141 3247 1318 3301 mutationes

141 3326 249 3388 reales:
270 3327 340 3393 quia
362 3327 492 3378 renrissio
512 3328 607 3395 culpa·
629 3343 696 3379 irum
718 3342 775 3379 non
797 3329 835 3380 sil
855 3326 891 3377 ad
914 3326 1045 3394 aliquam
1068 3329 1188 3378 l'orrnarn
1220 3328 1318 3394 positi-

140 3423 218 3464 vam,
241 3422 294 3458 rree
313 3408 479 3458 necessario
501 3407 584 3460 tollat
605 3407 719 3474 aliquid
742 3409 819 3459 reale.
840 3406 1009 3474 positivum.
1033 3421 1089 3458 non
1116 3414 1210 3474 potest
1228 3409 1318 3460 etiam

139 3507 203 3540 esse
236 3491 359 3541 nnrtatio
382 3490 468 3541 realis
489 3499 517 3542 et
537 3491 678 3558 posit-iva:
702 3506 758 3541 non
781 3491 859 3542 enim
880 3499 924 3542 est
945 3491 1068 3542 rrnrtatio
1089 3490 1185 3546 realis.
1208 3491 1264 3542 nisi
1285 3502 1319 3544 nt

139 3571 169 3621 in
200 3570 358 3622 terminum
390 3570 506 3623 realiter
536 3571 696 3637 positivum
717 3571 763 3622 vei
796 3570 989 3638 privationem
1018 3569 1142 3623 realem:
1163 3571 1319 3639 igiturest

137 3650 226 3702 union
247 3650 402 3701 dumtaxat
423 3651 546 3701 mutatio
568 3650 663 3704 realis.
680 3666 786 3718 nempe
807 3650 915 3702 inlusio
935 3650 1049 3717 gratiae,
1064 3650 1135 3717 quia
1148 3658 1192 3702 est
1212 3650 1249 3702 ad
1263 3653 1318 3703 l'or-

139 3747 215 3781 mam
238 3729 361 3786 realem:
383 3729 442 3780 alia
472 3744 541 3782 vero
563 3731 691 3788 nroralis,
713 3744 802 3796 quam
833 3729 941 3781 ideireo
972 3729 1161 3781 titillationem
1193 3729 1316 3781 rationis

140 3810 248 3861 ibidem
277 3809 407 3876 appellnt
436 3809 554 3864 litator.
576 3812 644 3876 quia
676 3825 782 3876 nempe
809 3821 928 3862 nonest
951 3809 987 3861 ad
1007 3808 1137 3876 aliquem
1158 3811 1317 3862 terminum

140 3889 257 3941 realem.

195 4048 296 4099 l'rc’ras
318 4048 349 4099 2:
371 4064 507 4114 quanam
529 4064 564 4099 ex
587 4050 630 4100 iris
652 4049 865 4101 iniit-ationilrns
886 4049 980 4116 inagis
1001 4050 1148 4116 praecipue.
1167 4048 1261 4100 aDeo
1276 4049 1317 4100 in-

138 4129 297 4181 temlatnr'!
318 4159 352 4164 --
371 4129 549 4192 Respondet
572 4130 685 4181 Doctor
716 4129 745 4179 in
774 4130 791 4179 i.
814 4129 881 4181 dist.
906 4129 929 4179 l.
951 4133 1054 4194 spiam.
1076 4129 1101 4180 ti.
1124 4128 1203 4196 quod
1224 4128 1318 4196 inagis

138 4209 286 4276 pron-ipue
317 4208 397 4258 Dens
428 4207 561 4258 intendat
591 4208 768 4260 inlusionem
800 4208 919 4276 gratiae:
945 4208 1030 4262 Num.
1054 4208 1151 4275 inquit
1180 4223 1261 4260 num.
1289 4207 1315 4260 9.

137 4305 226 4354 operis
246 4288 406 4338 serrrndnm
430 4289 533 4338 rmlnm
570 4288 708 4338 rollonem
728 4287 927 4355 prirnipull'us
947 4287 1072 4339 intendit
1100 4288 1315 4355 perl'nlt'onetn.

137 4385 226 4436 qinon
248 4367 407 4417 ror-milium
430 4367 559 4430 desimus
578 4367 636 4418 sire
656 4367 895 4434 irnmrsietimus,
916 4366 986 4435 quio
1009 4383 1064 4418 mm
1087 4367 1212 4420 iniemlil
1233 4368 1317 4420 illem

134 4465 195 4499 oon
205 4448 308 4502 nlinm,
332 4446 390 4497 rrisi
408 4449 527 4513 propter
538 4447 764 4514 perfia-liemon:
786 4447 876 4514 ipiinr
890 4445 968 4499 Dens
979 4447 1178 4516 prirrrr'pulr'us
1191 4448 1317 4500 intendit

134 4529 339 4596 pordic-linirent
360 4527 528 4594 prosilirent,
548 4529 622 4594 puin
640 4527 744 4594 proibe
764 4527 956 4593 irrlirsionem.
972 4543 1061 4596 anrm
1082 4528 1242 4580 ementium
1264 4527 1317 4579 inr-

136 4606 332 4676 pomoranis.
357 4606 483 4659 ridelimt
506 4606 701 4658 reinissr'onem
722 4607 840 4674 premoti.
