3075 5417
179 585 224 652 38
448 603 638 651 eaacuom
661 603 710 650 ab
735 601 863 650 rnacr.
882 601 927 650 oa
945 571 1099 650 enarras

178 715 288 779 'liorum
308 726 373 788 Dei,
403 725 454 778 sed
473 733 588 779 tanturn
609 741 646 777 cx
665 741 710 791 eo,
740 725 820 793 quod
839 731 909 778 sunt
938 723 1100 777 conlormia
1129 723 1199 792 logi.
1220 723 1362 791 quodque

181 821 233 874 per
252 821 285 858 ea
305 813 460 874 praestat-ur
479 805 646 858 obedientia
666 805 736 872 legi.

238 888 278 938 l-i.
301 885 396 954 Opera
414 887 491 938 bona
505 885 655 952 ,iustorum
675 899 734 936 non
754 885 902 954 accipient
922 886 952 938 in
967 886 1014 938 dio
1030 885 1136 950 judicii
1157 883 1281 937 extremi
1300 899 1360 935 arrr-

183 966 305 1034 pliorem
325 966 500 1028 mercedem,
521 980 610 1033 quarn
626 965 708 1030 justo
727 964 782 1016 Dei
799 964 914 1030 judicio
934 975 1117 1020 mererentur
1135 965 1277 1032 accipere.

238 1047 278 1098 lb.
302 1046 382 1099 Dicit
402 1047 543 1098 rationem
564 1046 658 1098 meriti
673 1060 731 1097 non
747 1046 908 1098 consistere
928 1046 957 1097 in
977 1061 1021 1110 eo,
1043 1047 1120 1114 quod
1135 1045 1187 1114 qui
1207 1045 1281 1096 barm
1295 1057 1359 1111 opo·

183 1135 265 1180 ratur
285 1127 390 1180 lrabeat
408 1127 545 1194 gratiam,
575 1131 604 1178 et
623 1125 839 1178 inhabitantem
868 1125 1011 1193 Spiritum
1031 1132 1178 1186 sanctum,
1205 1125 1256 1178 sed
1277 1123 1308 1177 in
1327 1139 1363 1176 co

182 1207 289 1270 solum,
310 1206 389 1275 qnod
409 1206 508 1259 obedit
526 1206 635 1258 (livinae.
656 1205 731 1274 legi:
760 1220 851 1272 quarn
870 1207 1047 1259 sententiam
1068 1206 1176 1274 saepius
1197 1205 1312 1273 repetit,
1332 1211 1365 1256 ct-

184 1287 285 1340 multis
306 1287 469 1340 rationibus
489 1286 592 1354 probat
612 1285 671 1337 nra
691 1290 750 1338 toto
771 1285 855 1338 libro.

239 1368 280 1420 16.
304 1367 337 1419 In
357 1366 459 1420 eodcrn
489 1365 563 1418 libro
582 1365 690 1432 saepius
711 1365 826 1434 repetit,
857 1366 934 1432 quod
955 1375 1078 1419 nonest
1106 1381 1176 1419 vera
1202 1366 1277 1434 legis
1296 1366 1361 1416 olic-

184 1448 306 1514 dicntia,
327 1463 392 1515 quic
412 1447 445 1499 lit
464 1446 529 1498 sinc
547 1446 699 1498 clraritatc.

238 1527 281 1580 li.
302 1527 383 1580 Dicit
401 1526 510 1580 sentire
529 1541 596 1578 cunr
617 1525 750 1593 Pelagio,
772 1526 823 1593 qui
843 1525 948 1579 dicunt
966 1542 1031 1579 csso
1048 1528 1247 1581 necessarium
1268 1526 1303 1577 ati
1320 1541 1360 1577 ra·

185 1609 293 1662 tionem
314 1607 421 1671 meriti,
443 1613 476 1658 ut
496 1607 582 1658 bomo
601 1621 652 1673 per
671 1607 795 1672 ;.··ratiarrr
817 1605 982 1672 adoptionis
1003 1607 1179 1660 sublimetur
1198 1607 1235 1659 acl
1252 1613 1360 1659 statum

185 1689 332 1741 dciiicum.

240 1771 282 1819 iil.
304 1767 385 1819 Dicit
413 1781 501 1834 opera
520 1763 816 1824 Catoclrumcnorum,
841 1776 875 1818 nt
897 1766 983 1818 liilern
1004 1775 1033 1819 et
1060 1768 1261 1833 racrritcntiarn
1294 1773 1364 1818 ante

187 1847 388 1900 remissionem
407 1857 594 1914 peccatorum
609 1849 727 1910 tactim,
742 1860 806 1896 esse
821 1846 888 1898 vitre
903 1851 1019 1898 interme
1040 1849 1152 1910 merita,
1168 1862 1256 1914 (quarm
1271 1845 1361 1898 vitam

186 1943 245 1980 non
265 1931 484 1994 consequentur
509 1924 730 1989 (fateclrurncni
752 1925 810 1977 nisi
831 1927 912 1993 prins
939 1927 1167 1993 praecedentium
1188 1926 1361 1979 delictorum

186 2008 397 2076 impedimenta
416 2006 568 2060 tollantur.

241 2089 284 2140 lll.
306 2087 429 2140 l'iiletur
448 2086 610 2152 iiminuare,
640 2086 718 2153 quod
738 2101 826 2154 opera
850 2086 974 2150 ‚iustitia
1001 2094 1030 2139 ct
1058 2088 1270 2155 temperantia,
1297 2102 1362 2153 anc

187 2166 323 2222 cbristus
342 2168 421 2233 lecit,
441 2182 478 2218 cx
497 2166 644 2235 (lignitate
662 2181 794 2233 personae
814 2168 962 2234 operantis
982 2184 1041 2219 non
1062 2169 1205 2220 traxerint
1224 2168 1364 2234 majorem

187 2249 328 2302 valorem.

241 2329 284 2380 ⁸20.
306 2327 429 2380 Nullum
442 2332 486 2379 est
500 2333 653 2394 peccatum
668 2341 703 2377 ex
719 2331 825 2378 natura
838 2341 890 2378 sna
906 2327 1032 2384 rciriulc.
1048 2327 1098 2379 serl
1110 2343 1195 2379 ornnc
1211 2337 1362 2395 poi-catum

189 2417 317 2462 meretur
335 2423 452 2476 pinnam
472 2419 621 2459 aeternum.

242 2489 285 2542 91.
311 2487 452 2540 llurnanm
473 2493 586 2540 naturae
605 2486 776 2539 sublimatio
796 2497 823 2539 et
844 2488 985 2540 (exaltatio
1005 2488 1033 2539 in
1055 2489 1234 2540 consortium
1254 2487 1363 2540 (lirina

189 2574 301 2623 natura·
321 2568 420 2621 debita
439 2568 495 2620 luit
515 2567 676 2636 integritati
698 2567 799 2634 primm
819 2567 1011 2626 conditionis:
1032 2575 1061 2621 et
1081 2569 1202 2635 proinde
1220 2567 1363 2621 naturalis

188 2649 314 2704 dicenda
332 2653 386 2710 cst,
407 2657 437 2700 et
455 2662 513 2700 non
533 2646 779 2715 supernaturalis.

242 2729 285 2782 22.
308 2727 381 2782 Cum
403 2728 525 2795 Pelagio
543 2728 687 2792 sentiunt,
708 2727 761 2794 qui
784 2734 896 2780 textum
912 2727 1042 2794 iiiiostoli
1057 2728 1092 2780 ntl
1109 2729 1187 2781 llom.
1205 2729 1230 2782 2.
1249 2731 1362 2786 (lantes,

188 2827 254 2879 quta
272 2811 361 2876 Italam.
382 2823 438 2860 iton
459 2809 572 2862 leoboni.
594 2807 778 2868 rriririrniilor,
794 2822 859 2874 qiua
872 2807 940 2873 quis
954 2810 1033 2864 sitiit,
1049 2807 1175 2874 tiramni,
1191 2809 1367 2878 intelligunt-

189 2891 226 2944 dc-
245 2889 390 2943 llcntibus
410 2888 476 2940 lirici
496 2889 623 2955 gratiam
643 2902 701 2939 non
723 2887 911 2939 habent-ilius.

242 2969 286 3022 23.
308 2967 445 3022 absurda
463 2975 508 3020 est
534 2981 634 3019 corum
655 2967 812 3024 sententia.
843 2966 1019 3034 quirinum
1049 2969 1194 3021 lrornincm
1224 2970 1262 3021 ab
1283 2969 1365 3022 initio

189 3051 266 3103 (lono
297 3049 424 3116 quodam
453 3045 671 3124 supergaturali
700 3053 729 3099 et
756 3048 888 3114 gratuito
914 3062 1002 3114 supra
1028 3049 1226 3102 conditionem
1253 3061 1367 3102 natura·

191 3132 281 3184 luisse
294 3129 467 3191 ‹uriltatunn
485 3131 518 3179 ut
532 3127 599 3188 ilde,
613 3143 675 3193 spe,
696 3128 839 3180 charitate.
856 3127 949 3179 ileum
964 3130 1227 3195 supernaturaliter
1246 3130 1364 3182 coleret.

244 3211 287 3262 21.
309 3210 334 3260 A
349 3207 434 3259 vanis
459 3215 488 3260 et
507 3207 607 3258 otiosis
628 3207 807 3268 horninibus,
829 3207 992 3258 secundum
1014 3209 1214 3276 insipientiam
1237 3209 1365 3262 l'hiloso-

192 3291 326 3360 pirorum,
341 3288 509 3354 excogitata
519 3293 562 3338 cst
574 3286 625 3337 illa
638 3287 795 3352 sententia,
811 3302 876 3354 qum
891 3286 927 3338 ad
942 3286 1193 3355 l'rlagianisrnnrn
1208 3290 1370 3356 rejicienda

190 3381 245 3430 est.
267 3368 414 3421 bominem
434 3367 471 3418 ab
485 3366 570 3418 initio
589 3368 631 3418 sic
651 3367 856 3433 constitutum,
877 3373 909 3419 ut
930 3382 980 3433 per
1000 3367 1075 3420 doira
1096 3379 1209 3422 liniurae
1228 3369 1367 3438 superad-

191 3452 263 3514 ‹lita‚
285 3449 373 3502 luerit
387 3447 523 3514 largitate
537 3445 703 3500 Conditoris
716 3447 905 3504 sublimatus.
921 3457 949 3499 ct
964 3447 993 3499 in
1006 3448 1059 3500 Dei
1078 3450 1183 3501 l-'ilinrn
1199 3450 1366 3518 :adoptatus

245 3531 288 3583 aa.
310 3529 416 3581 lininia
426 3541 513 3594 opera
526 3528 690 3579 iniirlclium
704 3535 774 3580 sunt
788 3535 918 3594 peccata.
933 3539 962 3581 et
977 3529 1220 3597 Plrilosoplrornrn
1242 3532 1368 3584 virtuti-s

192 3623 261 3666 sunt
284 3610 366 3662 vitia.

246 3691 289 3744 26.
311 3689 469 3759 integritas
488 3690 590 3757 prima
609 3689 767 3741 creationis
787 3704 846 3740 non
868 3689 923 3741 l'uit
943 3689 1072 3742 indebita
1094 3691 1230 3743 lrumanrc
1254 3701 1367 3744 natura·

192 3771 343 3830 exaltatio
372 3771 423 3822 scil
452 3769 598 3822 naturalis
625 3768 690 3834 ejus
718 3768 864 3820 conilitio:
890 3784 978 3834 qnam
1002 3771 1178 3821 sententiam
1205 3771 1306 3838 repetit
1339 3781 1368 3824 ct

193 3854 295 3922 probat
315 3866 366 3919 per
385 3850 471 3918 plura
490 3849 630 3917 capit-ula.

247 3931 290 3984 Ξῖ.
312 3929 451 3984 Liberum
472 3930 625 3981 arbitrium
646 3929 710 3980 sine
728 3930 832 3996 gratiae
864 3928 918 3980 Dei
942 3928 1087 3992 ailjutorio
1108 3930 1225 3982 nonnisi
1245 3931 1282 3983 ad
1303 3947 1368 3999 pec·

193 4012 322 4065 carirlnm
342 4010 430 4063 valet.

248 4091 291 4143 2³.
315 4090 494 4158 l'elagianus
513 4099 556 4142 cst
576 4103 655 4142 orror
674 4088 783 4154 (licere,
810 4087 889 4156 quod
914 4088 1038 4140 liberum
1059 4090 1213 4141 arbitrium
1233 4090 1312 4144 ralct
1332 4091 1369 4142 arl

192 4171 289 4226 ullum
310 4177 464 4238 peecatum
485 4168 650 4222 vitandum.

248 4253 291 4302 ab.
315 4251 378 4302 Non
407 4251 501 4302 aolurn
532 4253 612 4302 iures
635 4250 654 4301 ii
677 4255 757 4312 sunt,
779 4257 808 4302 et
830 4249 967 4302 latrones.
989 4251 1038 4316 qni
1061 4247 1209 4302 Clrrislnm
1230 4253 1320 4306 riam.
1341 4261 1375 4306 et·

193 4331 301 4384 ostium
322 4329 465 4396 veritatis,
480 4335 510 4382 ct
523 4329 592 4382 rinc
608 4335 729 4397 negant,
750 4327 802 4380 sed
822 4328 909 4379 etiarn
930 4329 1112 4395 quicumque
1132 4329 1265 4388 aliunde,
1280 4347 1370 4398 «quarn

195 4427 247 4480 prr
267 4407 415 4464 Christum
436 4410 467 4462 in
481 4410 559 4461 viam
575 4408 711 4474 justitiae,
733 4408 786 4460 lroc
800 4406 893 4460 estad
908 4406 1037 4474 aliquam
1049 4409 1197 4472 justitiam
1211 4411 1370 4464 conscendi

195 4505 280 4560 posse
299 4489 413 4542 dicunt.

248 4573 292 4624 :itt
313 4569 375 4622 Aut
387 4569 544 4623 tentationi
553 4569 609 4622 ulli
619 4568 684 4620 sinc
694 4567 797 4636 gratia¹
813 4568 905 4636 ipsius
918 4567 1064 4632 adjutorio
1076 4571 1209 4622 resistcre
1222 4570 1373 4626 bominem

178 4665 282 4716 posse,
306 4651 354 4702 sic
374 4649 457 4704 utin
477 4663 542 4702 eam
563 4663 623 4702 non
643 4647 811 4712 inducatur,
831 4653 884 4701 aut
900 4648 937 4700 ab
957 4663 991 4702 ca
1011 4659 1176 4717 superetur.
