<?xml version="1.0" encoding="UTF-8"?>
<!DOCTYPE html PUBLIC "-//W3C//DTD XHTML 1.0 Transitional//EN"
    "http://www.w3.org/TR/xhtml1/DTD/xhtml1-transitional.dtd">
<html xmlns="http://www.w3.org/1999/xhtml" xml:lang="en" lang="en">
 <head>
  <title>
</title>
<meta http-equiv="Content-Type" content="text/html;charset=utf-8" />
  <meta name='ocr-system' content='tesseract 3.04.00' />
  <meta name='ocr-capabilities' content='ocr_page ocr_carea ocr_par ocr_line ocrx_word'/>
</head>
<body>
  <div class='ocr_page' id='page_1' title='image "./scotusacademicu02frasgoog_0014.png"; bbox 0 0 3075 5417; ppageno 0'>
   <div class='ocr_carea' id='block_1_1' title="bbox 148 577 1112 665">
    <p class='ocr_par' dir='ltr' id='par_1_1' title="bbox 148 577 1112 665">
     <span class='ocr_line' id='line_1_1' title="bbox 148 577 1112 665; baseline -0.004 -10"><span class='ocrx_word' id='word_1_1' title='bbox 148 577 166 640; x_wconf 41' lang='lat'><strong>⁴·</strong></span> <span class='ocrx_word' id='word_1_2' title='bbox 184 590 227 655; x_wconf 90' lang='grc'><strong>10</strong></span> <span class='ocrx_word' id='word_1_3' title='bbox 429 607 475 655; x_wconf 81' lang='lat' dir='ltr'><strong>os</strong></span> <span class='ocrx_word' id='word_1_4' title='bbox 499 607 659 665; x_wconf 69' lang='lat' dir='ltr'><strong>nareae,</strong></span> <span class='ocrx_word' id='word_1_5' title='bbox 683 607 729 654; x_wconf 78' lang='lat' dir='ltr'><strong>ar</strong></span> <span class='ocrx_word' id='word_1_6' title='bbox 753 604 977 653; x_wconf 78' lang='lat' dir='ltr'><strong>narnm‘nona</strong></span> <span class='ocrx_word' id='word_1_7' title='bbox 1002 605 1112 652; x_wconf 73' lang='lat' dir='ltr'><strong>tems.</strong></span> 
     </span>
    </p>
   </div>
   <div class='ocr_carea' id='block_1_2' title="bbox 396 799 1138 982">
    <p class='ocr_par' dir='ltr' id='par_1_2' title="bbox 396 799 1138 982">
     <span class='ocr_line' id='line_1_2' title="bbox 568 799 972 899; baseline -0.032 -23"><span class='ocrx_word' id='word_1_8' title='bbox 568 799 789 899; x_wconf 42' lang='lat' dir='ltr'><strong>Qutns&#39;no</strong></span> <span class='ocrx_word' id='word_1_9' title='bbox 815 800 972 867; x_wconf 73' lang='lat' dir='ltr'><strong>ratila.</strong></span> 
     </span>
     <span class='ocr_line' id='line_1_3' title="bbox 396 912 1138 982; baseline -0.001 -15"><span class='ocrx_word' id='word_1_10' title='bbox 396 915 448 968; x_wconf 78' lang='lat' dir='ltr'><strong>Dt}</strong></span> <span class='ocrx_word' id='word_1_11' title='bbox 469 914 641 982; x_wconf 75' lang='lat' dir='ltr'><strong>NATURA,</strong></span> <span class='ocrx_word' id='word_1_12' title='bbox 662 914 713 968; x_wconf 82' lang='lat' dir='ltr'><strong>ET</strong></span> <span class='ocrx_word' id='word_1_13' title='bbox 733 913 989 968; x_wconf 77' lang='lat' dir='ltr'><strong>DEltxlTlONt:</strong></span> <span class='ocrx_word' id='word_1_14' title='bbox 1014 912 1138 966; x_wconf 78' lang='lat' dir='ltr'>LEGIS.</span> 
     </span>
    </p>
   </div>
   <div class='ocr_carea' id='block_1_3' title="bbox 161 1047 1360 4712">
    <p class='ocr_par' dir='ltr' id='par_1_3' title="bbox 176 1047 1360 2714">
     <span class='ocr_line' id='line_1_4' title="bbox 236 1047 1360 1115; baseline -0.004 -12"><span class='ocrx_word' id='word_1_15' title='bbox 236 1048 304 1103; x_wconf 83' lang='lat' dir='ltr'><strong>Nox</strong></span> <span class='ocrx_word' id='word_1_16' title='bbox 326 1050 516 1101; x_wconf 82' lang='lat' dir='ltr'><strong>immoramur</strong></span> <span class='ocrx_word' id='word_1_17' title='bbox 536 1049 567 1101; x_wconf 90' lang='lat' dir='ltr'><strong>in</strong></span> <span class='ocrx_word' id='word_1_18' title='bbox 586 1049 765 1102; x_wconf 91' lang='lat' dir='ltr'><strong>adstruenda</strong></span> <span class='ocrx_word' id='word_1_19' title='bbox 791 1053 820 1101; x_wconf 94' lang='lat' dir='ltr'><strong>et</strong></span> <span class='ocrx_word' id='word_1_20' title='bbox 844 1048 1002 1101; x_wconf 81' lang='lat' dir='ltr'><strong>asserenda</strong></span> <span class='ocrx_word' id='word_1_21' title='bbox 1027 1048 1102 1115; x_wconf 85' lang='lat' dir='ltr'><strong>legis</strong></span> <span class='ocrx_word' id='word_1_22' title='bbox 1128 1047 1304 1100; x_wconf 66' lang='lat' dir='ltr'>necessitate</span> <span class='ocrx_word' id='word_1_23' title='bbox 1329 1057 1360 1099; x_wconf 85' lang='lat' dir='ltr'><strong>et</strong></span> 
     </span>
     <span class='ocr_line' id='line_1_5' title="bbox 182 1127 1357 1196; baseline -0.003 -14"><span class='ocrx_word' id='word_1_24' title='bbox 182 1129 360 1192; x_wconf 77' lang='lat' dir='ltr'><strong>existentia3</strong></span> <span class='ocrx_word' id='word_1_25' title='bbox 381 1144 444 1181; x_wconf 88' lang='lat' dir='ltr'><strong>eam</strong></span> <span class='ocrx_word' id='word_1_26' title='bbox 465 1130 545 1181; x_wconf 87' lang='lat' dir='ltr'><strong>enim</strong></span> <span class='ocrx_word' id='word_1_27' title='bbox 565 1136 664 1196; x_wconf 81' lang='lat' dir='ltr'><strong>aperte</strong></span> <span class='ocrx_word' id='word_1_28' title='bbox 682 1129 754 1182; x_wconf 89' lang='lat' dir='ltr'><strong>satis</strong></span> <span class='ocrx_word' id='word_1_29' title='bbox 768 1129 901 1182; x_wconf 84' lang='lat' dir='ltr'><strong>insinuat</strong></span> <span class='ocrx_word' id='word_1_30' title='bbox 913 1128 977 1195; x_wconf 86' lang='lat' dir='ltr'><strong>ipsa</strong></span> <span class='ocrx_word' id='word_1_31' title='bbox 990 1139 1131 1180; x_wconf 73' lang='lat' dir='ltr'><strong>ereatura</strong></span> <span class='ocrx_word' id='word_1_32' title='bbox 1146 1127 1357 1179; x_wconf 84' lang='lat' dir='ltr'><strong>intellectualis</strong></span> 
     </span>
     <span class='ocr_line' id='line_1_6' title="bbox 183 1206 1357 1283; baseline -0.002 -22"><span class='ocrx_word' id='word_1_33' title='bbox 183 1208 401 1274; x_wconf 79' lang='lat' dir='ltr'><strong>defectibilitas,</strong></span> <span class='ocrx_word' id='word_1_34' title='bbox 422 1217 452 1261; x_wconf 88' lang='lat' dir='ltr'><strong>et</strong></span> <span class='ocrx_word' id='word_1_35' title='bbox 479 1208 650 1277; x_wconf 78' lang='lat' dir='ltr'><strong>exigentia3</strong></span> <span class='ocrx_word' id='word_1_36' title='bbox 672 1225 740 1261; x_wconf 85' lang='lat' dir='ltr'><strong>enin</strong></span> <span class='ocrx_word' id='word_1_37' title='bbox 769 1208 847 1261; x_wconf 86' lang='lat' dir='ltr'><strong>enirn</strong></span> <span class='ocrx_word' id='word_1_38' title='bbox 877 1209 941 1275; x_wconf 90' lang='lat' dir='ltr'><strong>ipsa</strong></span> <span class='ocrx_word' id='word_1_39' title='bbox 960 1208 1136 1283; x_wconf 74' lang='lat' dir='ltr'><strong>plerumque</strong></span> <span class='ocrx_word' id='word_1_40' title='bbox 1155 1223 1173 1258; x_wconf 91' lang='lat' dir='ltr'><strong>a</strong></span> <span class='ocrx_word' id='word_1_41' title='bbox 1191 1206 1250 1258; x_wconf 87' lang='lat' dir='ltr'><strong>tine</strong></span> <span class='ocrx_word' id='word_1_42' title='bbox 1270 1207 1357 1259; x_wconf 90' lang='lat' dir='ltr'><strong>hone-</strong></span> 
     </span>
     <span class='ocr_line' id='line_1_7' title="bbox 182 1287 1358 1356; baseline -0.001 -16"><span class='ocrx_word' id='word_1_43' title='bbox 182 1288 276 1346; x_wconf 84' lang='lat' dir='ltr'><strong>statis,</strong></span> <span class='ocrx_word' id='word_1_44' title='bbox 297 1289 328 1341; x_wconf 91' lang='lat' dir='ltr'><strong>in</strong></span> <span class='ocrx_word' id='word_1_45' title='bbox 357 1304 446 1356; x_wconf 89' lang='lat' dir='ltr'><strong>quern</strong></span> <span class='ocrx_word' id='word_1_46' title='bbox 474 1288 562 1343; x_wconf 81' lang='lat' dir='ltr'><strong>debet</strong></span> <span class='ocrx_word' id='word_1_47' title='bbox 586 1289 755 1346; x_wconf 75' lang='lat' dir='ltr'><strong>eollIneare.</strong></span> <span class='ocrx_word' id='word_1_48' title='bbox 777 1288 922 1354; x_wconf 82' lang='lat' dir='ltr'><strong>deflectat,</strong></span> <span class='ocrx_word' id='word_1_49' title='bbox 943 1298 973 1341; x_wconf 85' lang='lat' dir='ltr'><strong>et</strong></span> <span class='ocrx_word' id='word_1_50' title='bbox 991 1289 1154 1354; x_wconf 78' lang='lat' dir='ltr'><strong>exorbitet,</strong></span> <span class='ocrx_word' id='word_1_51' title='bbox 1176 1302 1250 1354; x_wconf 91' lang='lat' dir='ltr'><strong>opus</strong></span> <span class='ocrx_word' id='word_1_52' title='bbox 1270 1287 1358 1339; x_wconf 87' lang='lat' dir='ltr'><strong>habet</strong></span> 
     </span>
     <span class='ocr_line' id='line_1_8' title="bbox 182 1366 1355 1437; baseline -0.002 -17"><span class='ocrx_word' id='word_1_53' title='bbox 182 1367 284 1435; x_wconf 88' lang='lat' dir='ltr'><strong>aliqua</strong></span> <span class='ocrx_word' id='word_1_54' title='bbox 304 1368 408 1437; x_wconf 87' lang='lat' dir='ltr'><strong>regula</strong></span> <span class='ocrx_word' id='word_1_55' title='bbox 427 1383 487 1436; x_wconf 90' lang='lat' dir='ltr'><strong>qua</strong></span> <span class='ocrx_word' id='word_1_56' title='bbox 505 1367 599 1421; x_wconf 81' lang='lat' dir='ltr'><strong>voluti</strong></span> <span class='ocrx_word' id='word_1_57' title='bbox 619 1383 709 1421; x_wconf 90' lang='lat' dir='ltr'><strong>manu</strong></span> <span class='ocrx_word' id='word_1_58' title='bbox 729 1368 857 1421; x_wconf 89' lang='lat' dir='ltr'><strong>dueatur</strong></span> <span class='ocrx_word' id='word_1_59' title='bbox 874 1368 910 1420; x_wconf 90' lang='lat' dir='ltr'><strong>ad</strong></span> <span class='ocrx_word' id='word_1_60' title='bbox 930 1383 999 1420; x_wconf 84' lang='lat' dir='ltr'><strong>euin</strong></span> <span class='ocrx_word' id='word_1_61' title='bbox 1018 1367 1107 1419; x_wconf 88' lang='lat' dir='ltr'><strong>finenr</strong></span> <span class='ocrx_word' id='word_1_62' title='bbox 1127 1366 1355 1433; x_wconf 86' lang='lat' dir='ltr'><strong>assequendum.</strong></span> 
     </span>
     <span class='ocr_line' id='line_1_9' title="bbox 183 1443 1357 1516; baseline -0.003 -16"><span class='ocrx_word' id='word_1_63' title='bbox 183 1446 254 1509; x_wconf 84' lang='lat' dir='ltr'><strong>Quae</strong></span> <span class='ocrx_word' id='word_1_64' title='bbox 273 1449 297 1500; x_wconf 84' lang='lat' dir='ltr'><strong>si</strong></span> <span class='ocrx_word' id='word_1_65' title='bbox 317 1463 388 1501; x_wconf 85' lang='lat' dir='ltr'><strong>vara</strong></span> <span class='ocrx_word' id='word_1_66' title='bbox 407 1449 467 1501; x_wconf 91' lang='lat' dir='ltr'><strong>sint</strong></span> <span class='ocrx_word' id='word_1_67' title='bbox 486 1443 522 1500; x_wconf 88' lang='lat' dir='ltr'><strong>de</strong></span> <span class='ocrx_word' id='word_1_68' title='bbox 541 1448 600 1501; x_wconf 86' lang='lat' dir='ltr'><strong>line</strong></span> <span class='ocrx_word' id='word_1_69' title='bbox 619 1449 758 1514; x_wconf 88' lang='lat' dir='ltr'><strong>naturali,</strong></span> <span class='ocrx_word' id='word_1_70' title='bbox 771 1448 860 1516; x_wconf 81' lang='lat' dir='ltr'><strong>longe</strong></span> <span class='ocrx_word' id='word_1_71' title='bbox 873 1449 982 1501; x_wconf 85' lang='lat' dir='ltr'><strong>debent</strong></span> <span class='ocrx_word' id='word_1_72' title='bbox 994 1462 1057 1500; x_wconf 84' lang='lat' dir='ltr'><strong>esse</strong></span> <span class='ocrx_word' id='word_1_73' title='bbox 1071 1448 1194 1499; x_wconf 74' lang='lat' dir='ltr'><strong>certiora</strong></span> <span class='ocrx_word' id='word_1_74' title='bbox 1208 1447 1244 1497; x_wconf 91' lang='lat' dir='ltr'><strong>de</strong></span> <span class='ocrx_word' id='word_1_75' title='bbox 1258 1461 1357 1513; x_wconf 89' lang='lat' dir='ltr'><strong>super-</strong></span> 
     </span>
     <span class='ocr_line' id='line_1_10' title="bbox 183 1526 1357 1597; baseline -0.003 -18"><span class='ocrx_word' id='word_1_76' title='bbox 183 1528 323 1589; x_wconf 80' lang='lat' dir='ltr'><strong>naturali,</strong></span> <span class='ocrx_word' id='word_1_77' title='bbox 344 1528 395 1595; x_wconf 92' lang='lat' dir='ltr'><strong>qui</strong></span> <span class='ocrx_word' id='word_1_78' title='bbox 415 1543 482 1580; x_wconf 80' lang='lat' dir='ltr'><strong>eunt</strong></span> <span class='ocrx_word' id='word_1_79' title='bbox 503 1528 622 1582; x_wconf 87' lang='lat' dir='ltr'><strong>omnino</strong></span> <span class='ocrx_word' id='word_1_80' title='bbox 642 1534 772 1597; x_wconf 90' lang='lat' dir='ltr'><strong>captum,</strong></span> <span class='ocrx_word' id='word_1_81' title='bbox 785 1533 814 1581; x_wconf 89' lang='lat' dir='ltr'><strong>ct</strong></span> <span class='ocrx_word' id='word_1_82' title='bbox 832 1528 911 1580; x_wconf 85' lang='lat' dir='ltr'><strong>vires</strong></span> <span class='ocrx_word' id='word_1_83' title='bbox 931 1528 1023 1595; x_wconf 89' lang='lat' dir='ltr'><strong>ipsius</strong></span> <span class='ocrx_word' id='word_1_84' title='bbox 1043 1534 1185 1580; x_wconf 73' lang='lat' dir='ltr'><strong>ereatura</strong></span> <span class='ocrx_word' id='word_1_85' title='bbox 1207 1526 1357 1578; x_wconf 89' lang='lat' dir='ltr'><strong>rationalis</strong></span> 
     </span>
     <span class='ocr_line' id='line_1_11' title="bbox 182 1606 1359 1674; baseline -0.001 -17"><span class='ocrx_word' id='word_1_86' title='bbox 182 1622 302 1674; x_wconf 88' lang='lat' dir='ltr'><strong>prorsus</strong></span> <span class='ocrx_word' id='word_1_87' title='bbox 322 1606 455 1673; x_wconf 75' lang='lat' dir='ltr'><strong>arrodat,</strong></span> <span class='ocrx_word' id='word_1_88' title='bbox 467 1615 497 1661; x_wconf 86' lang='lat' dir='ltr'><strong>et</strong></span> <span class='ocrx_word' id='word_1_89' title='bbox 515 1608 653 1661; x_wconf 80' lang='lat' dir='ltr'><strong>humanae</strong></span> <span class='ocrx_word' id='word_1_90' title='bbox 673 1608 764 1661; x_wconf 88' lang='lat' dir='ltr'><strong>menti</strong></span> <span class='ocrx_word' id='word_1_91' title='bbox 784 1607 960 1661; x_wconf 89' lang='lat' dir='ltr'><strong>naturaliter</strong></span> <span class='ocrx_word' id='word_1_92' title='bbox 978 1608 1016 1660; x_wconf 90' lang='lat' dir='ltr'><strong>sit</strong></span> <span class='ocrx_word' id='word_1_93' title='bbox 1036 1608 1154 1674; x_wconf 63' lang='lat' dir='ltr'><strong>ignotus</strong></span> <span class='ocrx_word' id='word_1_94' title='bbox 1167 1625 1174 1671; x_wconf 69' lang='grc' dir='ltr'><strong>ς</strong></span> <span class='ocrx_word' id='word_1_95' title='bbox 1189 1620 1247 1657; x_wconf 89' lang='lat' dir='ltr'><strong>nen</strong></span> <span class='ocrx_word' id='word_1_96' title='bbox 1262 1610 1359 1673; x_wconf 85' lang='lat' dir='ltr'><strong>potest</strong></span> 
     </span>
     <span class='ocr_line' id='line_1_12' title="bbox 184 1686 1357 1756; baseline -0.003 -17"><span class='ocrx_word' id='word_1_97' title='bbox 184 1687 343 1754; x_wconf 87' lang='lat' dir='ltr'><strong>quisquam</strong></span> <span class='ocrx_word' id='word_1_98' title='bbox 363 1686 400 1739; x_wconf 89' lang='lat' dir='ltr'><strong>ad</strong></span> <span class='ocrx_word' id='word_1_99' title='bbox 420 1686 504 1739; x_wconf 90' lang='lat' dir='ltr'><strong>illum</strong></span> <span class='ocrx_word' id='word_1_100' title='bbox 526 1688 703 1756; x_wconf 79' lang='lat' dir='ltr'><strong>pertingere,</strong></span> <span class='ocrx_word' id='word_1_101' title='bbox 721 1688 781 1740; x_wconf 75' lang='lat' dir='ltr'><strong>‘nisi</strong></span> <span class='ocrx_word' id='word_1_102' title='bbox 795 1694 825 1741; x_wconf 87' lang='lat' dir='ltr'><strong>et</strong></span> <span class='ocrx_word' id='word_1_103' title='bbox 843 1688 939 1741; x_wconf 89' lang='lat' dir='ltr'><strong>altiori</strong></span> <span class='ocrx_word' id='word_1_104' title='bbox 961 1686 1027 1755; x_wconf 81' lang='lat' dir='ltr'><strong>lege.</strong></span> <span class='ocrx_word' id='word_1_105' title='bbox 1046 1687 1201 1754; x_wconf 79' lang='lat' dir='ltr'><strong>dirigatur,</strong></span> <span class='ocrx_word' id='word_1_106' title='bbox 1215 1692 1244 1738; x_wconf 88' lang='lat' dir='ltr'><strong>et</strong></span> <span class='ocrx_word' id='word_1_107' title='bbox 1257 1700 1357 1752; x_wconf 86' lang='lat' dir='ltr'><strong>super-</strong></span> 
     </span>
     <span class='ocr_line' id='line_1_13' title="bbox 184 1765 1357 1835; baseline -0.003 -17"><span class='ocrx_word' id='word_1_108' title='bbox 184 1767 371 1820; x_wconf 88' lang='lat' dir='ltr'><strong>naturalibus</strong></span> <span class='ocrx_word' id='word_1_109' title='bbox 390 1767 511 1819; x_wconf 82' lang='lat' dir='ltr'><strong>auxiliis</strong></span> <span class='ocrx_word' id='word_1_110' title='bbox 531 1767 698 1834; x_wconf 83' lang='lat' dir='ltr'><strong>adjuvetur.</strong></span> <span class='ocrx_word' id='word_1_111' title='bbox 713 1798 748 1805; x_wconf 98' lang='lat'><em>-</em></span> <span class='ocrx_word' id='word_1_112' title='bbox 760 1766 894 1835; x_wconf 83' lang='lat' dir='ltr'><strong>idipsum</strong></span> <span class='ocrx_word' id='word_1_113' title='bbox 913 1768 1017 1835; x_wconf 90' lang='lat' dir='ltr'><strong>prohat</strong></span> <span class='ocrx_word' id='word_1_114' title='bbox 1036 1767 1100 1834; x_wconf 89' lang='lat' dir='ltr'><strong>ipsa</strong></span> <span class='ocrx_word' id='word_1_115' title='bbox 1113 1767 1242 1818; x_wconf 87' lang='lat' dir='ltr'><strong>maxima</strong></span> <span class='ocrx_word' id='word_1_116' title='bbox 1256 1765 1357 1832; x_wconf 73' lang='lat' dir='ltr'><strong>logum</strong></span> 
     </span>
     <span class='ocr_line' id='line_1_14' title="bbox 182 1845 1356 1914; baseline -0.003 -16"><span class='ocrx_word' id='word_1_117' title='bbox 182 1845 298 1899; x_wconf 81' lang='lat' dir='ltr'><strong>utilitas</strong></span> <span class='ocrx_word' id='word_1_118' title='bbox 317 1846 354 1898; x_wconf 92' lang='lat' dir='ltr'><strong>ad</strong></span> <span class='ocrx_word' id='word_1_119' title='bbox 373 1846 600 1903; x_wconf 82' lang='lat' dir='ltr'><strong>institutionem.</strong></span> <span class='ocrx_word' id='word_1_120' title='bbox 615 1855 644 1899; x_wconf 89' lang='lat' dir='ltr'><strong>et</strong></span> <span class='ocrx_word' id='word_1_121' title='bbox 657 1848 909 1900; x_wconf 82' lang='lat' dir='ltr'><strong>conservationem</strong></span> <span class='ocrx_word' id='word_1_122' title='bbox 924 1847 1115 1914; x_wconf 68' lang='lat' dir='ltr'><strong>Reipublicae,</strong></span> <span class='ocrx_word' id='word_1_123' title='bbox 1130 1846 1216 1913; x_wconf 80' lang='lat' dir='ltr'><strong>cuius</strong></span> <span class='ocrx_word' id='word_1_124' title='bbox 1230 1845 1356 1897; x_wconf 87' lang='lat' dir='ltr'><strong>salutem</strong></span> 
     </span>
     <span class='ocr_line' id='line_1_15' title="bbox 183 1925 1356 1995; baseline -0.003 -18"><span class='ocrx_word' id='word_1_125' title='bbox 183 1926 215 1977; x_wconf 93' lang='lat' dir='ltr'><strong>in</strong></span> <span class='ocrx_word' id='word_1_126' title='bbox 235 1925 352 1995; x_wconf 77' lang='lat' dir='ltr'><strong>legibus</strong></span> <span class='ocrx_word' id='word_1_127' title='bbox 370 1928 561 1980; x_wconf 82' lang='lat' dir='ltr'><strong>constitutam</strong></span> <span class='ocrx_word' id='word_1_128' title='bbox 581 1942 645 1980; x_wconf 85' lang='lat' dir='ltr'><strong>esse</strong></span> <span class='ocrx_word' id='word_1_129' title='bbox 665 1928 768 1980; x_wconf 90' lang='lat' dir='ltr'><strong>merito</strong></span> <span class='ocrx_word' id='word_1_130' title='bbox 787 1927 863 1981; x_wconf 83' lang='lat' dir='ltr'><strong>dixit</strong></span> <span class='ocrx_word' id='word_1_131' title='bbox 880 1926 1054 1980; x_wconf 79' lang='lat' dir='ltr'><strong>Aristoteles</strong></span> <span class='ocrx_word' id='word_1_132' title='bbox 1073 1926 1099 1978; x_wconf 84' lang='lat'><strong>5.</strong></span> <span class='ocrx_word' id='word_1_133' title='bbox 1122 1925 1356 1977; x_wconf 64' lang='lat' dir='ltr'><strong>lothorii-orion:</strong></span> 
     </span>
     <span class='ocr_line' id='line_1_16' title="bbox 184 2004 1357 2076; baseline -0.002 -19"><span class='ocrx_word' id='word_1_134' title='bbox 184 2006 265 2075; x_wconf 86' lang='lat' dir='ltr'><strong>leges</strong></span> <span class='ocrx_word' id='word_1_135' title='bbox 284 2006 363 2059; x_wconf 89' lang='lat' dir='ltr'><strong>enim</strong></span> <span class='ocrx_word' id='word_1_136' title='bbox 383 2021 400 2058; x_wconf 88' lang='lat' dir='ltr'><strong>a</strong></span> <span class='ocrx_word' id='word_1_137' title='bbox 421 2006 582 2075; x_wconf 85' lang='lat' dir='ltr'><strong>ltopuhlica</strong></span> <span class='ocrx_word' id='word_1_138' title='bbox 601 2008 625 2060; x_wconf 87' lang='lat' dir='ltr'><strong>si</strong></span> <span class='ocrx_word' id='word_1_139' title='bbox 646 2007 713 2076; x_wconf 90' lang='lat' dir='ltr'><strong>quis</strong></span> <span class='ocrx_word' id='word_1_140' title='bbox 732 2011 856 2072; x_wconf 87' lang='lat' dir='ltr'><strong>aulerat,</strong></span> <span class='ocrx_word' id='word_1_141' title='bbox 877 2008 1005 2060; x_wconf 90' lang='lat' dir='ltr'><strong>animam</strong></span> <span class='ocrx_word' id='word_1_142' title='bbox 1028 2008 1120 2074; x_wconf 83' lang='lat' dir='ltr'><strong>ipsam</strong></span> <span class='ocrx_word' id='word_1_143' title='bbox 1140 2022 1157 2057; x_wconf 90' lang='lat' dir='ltr'><strong>a</strong></span> <span class='ocrx_word' id='word_1_144' title='bbox 1176 2019 1296 2072; x_wconf 86' lang='lat' dir='ltr'><strong>corpore</strong></span> <span class='ocrx_word' id='word_1_145' title='bbox 1315 2004 1357 2055; x_wconf 83' lang='lat' dir='ltr'><strong>‹li-</strong></span> 
     </span>
     <span class='ocr_line' id='line_1_17' title="bbox 183 2084 1357 2156; baseline -0.001 -21"><span class='ocrx_word' id='word_1_146' title='bbox 183 2084 294 2148; x_wconf 85' lang='lat' dir='ltr'><strong>vallet;</strong></span> <span class='ocrx_word' id='word_1_147' title='bbox 314 2086 461 2153; x_wconf 84' lang='lat' dir='ltr'><strong>siquidem</strong></span> <span class='ocrx_word' id='word_1_148' title='bbox 480 2087 532 2138; x_wconf 92' lang='lat' dir='ltr'><strong>ubi</strong></span> <span class='ocrx_word' id='word_1_149' title='bbox 550 2086 659 2140; x_wconf 87' lang='lat' dir='ltr'><strong>desunt</strong></span> <span class='ocrx_word' id='word_1_150' title='bbox 678 2087 769 2156; x_wconf 84' lang='lat' dir='ltr'><strong>leges,</strong></span> <span class='ocrx_word' id='word_1_151' title='bbox 791 2091 878 2148; x_wconf 78' lang='lat' dir='ltr'><strong>turta,</strong></span> <span class='ocrx_word' id='word_1_152' title='bbox 899 2086 1067 2148; x_wconf 85' lang='lat' dir='ltr'><strong>homicidia,</strong></span> <span class='ocrx_word' id='word_1_153' title='bbox 1088 2093 1117 2138; x_wconf 87' lang='lat' dir='ltr'><strong>et</strong></span> <span class='ocrx_word' id='word_1_154' title='bbox 1136 2085 1277 2152; x_wconf 69' lang='lat' dir='ltr'><strong>quaelibet</strong></span> <span class='ocrx_word' id='word_1_155' title='bbox 1298 2084 1357 2135; x_wconf 88' lang='lat' dir='ltr'><strong>alia</strong></span> 
     </span>
     <span class='ocr_line' id='line_1_18' title="bbox 182 2164 1356 2236; baseline -0.004 -18"><span class='ocrx_word' id='word_1_156' title='bbox 182 2164 295 2219; x_wconf 84' lang='lat' dir='ltr'><strong>scelera</strong></span> <span class='ocrx_word' id='word_1_157' title='bbox 322 2166 444 2234; x_wconf 88' lang='lat' dir='ltr'><strong>impune</strong></span> <span class='ocrx_word' id='word_1_158' title='bbox 469 2174 652 2235; x_wconf 86' lang='lat' dir='ltr'><strong>grassantur,</strong></span> <span class='ocrx_word' id='word_1_159' title='bbox 672 2167 752 2220; x_wconf 78' lang='lat' dir='ltr'><strong>urrde</strong></span> <span class='ocrx_word' id='word_1_160' title='bbox 773 2167 928 2236; x_wconf 78' lang='lat' dir='ltr'><strong>vulgatum</strong></span> <span class='ocrx_word' id='word_1_161' title='bbox 949 2166 1024 2219; x_wconf 91' lang='lat' dir='ltr'><strong>illud</strong></span> <span class='ocrx_word' id='word_1_162' title='bbox 1043 2166 1216 2233; x_wconf 51' lang='lat' dir='ltr'><strong>Augmstini:</strong></span> <span class='ocrx_word' id='word_1_163' title='bbox 1238 2165 1356 2217; x_wconf 66' lang='lat' dir='ltr'><strong>Itouraia</strong></span> 
     </span>
     <span class='ocr_line' id='line_1_19' title="bbox 176 2243 1358 2314; baseline -0.002 -18"><span class='ocrx_word' id='word_1_164' title='bbox 176 2244 309 2311; x_wconf 78' lang='lat' dir='ltr'><strong>justitia,</strong></span> <span class='ocrx_word' id='word_1_165' title='bbox 330 2261 397 2313; x_wconf 66' lang='lat' dir='ltr'><strong>quar</strong></span> <span class='ocrx_word' id='word_1_166' title='bbox 416 2261 469 2314; x_wconf 90' lang='lat' dir='ltr'><strong>per</strong></span> <span class='ocrx_word' id='word_1_167' title='bbox 497 2245 577 2314; x_wconf 83' lang='lat' dir='ltr'><strong>leges</strong></span> <span class='ocrx_word' id='word_1_168' title='bbox 606 2248 792 2314; x_wconf 88' lang='lat' dir='ltr'><strong>potissimum</strong></span> <span class='ocrx_word' id='word_1_169' title='bbox 818 2246 976 2310; x_wconf 87' lang='lat' dir='ltr'><strong>stabilitur,</strong></span> <span class='ocrx_word' id='word_1_170' title='bbox 997 2245 1069 2314; x_wconf 84' lang='lat' dir='ltr'><strong>quid</strong></span> <span class='ocrx_word' id='word_1_171' title='bbox 1088 2248 1158 2297; x_wconf 72' lang='lat' dir='ltr'><strong>serrat</strong></span> <span class='ocrx_word' id='word_1_172' title='bbox 1179 2261 1276 2310; x_wconf 77' lang='lat' dir='ltr'><strong>repra,</strong></span> <span class='ocrx_word' id='word_1_173' title='bbox 1300 2243 1358 2295; x_wconf 81' lang='lat' dir='ltr'><strong>nisi</strong></span> 
     </span>
     <span class='ocr_line' id='line_1_20' title="bbox 184 2323 1355 2391; baseline 0.001 -16"><span class='ocrx_word' id='word_1_174' title='bbox 184 2339 294 2389; x_wconf 72' lang='lat' dir='ltr'><strong>arreptae</strong></span> <span class='ocrx_word' id='word_1_175' title='bbox 314 2324 492 2378; x_wconf 81' lang='lat' dir='ltr'><strong>latrocinia?</strong></span> <span class='ocrx_word' id='word_1_176' title='bbox 512 2323 568 2378; x_wconf 79' lang='lat' dir='ltr'><strong>Cui</strong></span> <span class='ocrx_word' id='word_1_177' title='bbox 586 2327 675 2378; x_wconf 87' lang='lat' dir='ltr'><strong>etiam</strong></span> <span class='ocrx_word' id='word_1_178' title='bbox 695 2332 837 2379; x_wconf 84' lang='lat' dir='ltr'><strong>consonat</strong></span> <span class='ocrx_word' id='word_1_179' title='bbox 857 2325 932 2378; x_wconf 94' lang='lat' dir='ltr'><strong>illud</strong></span> <span class='ocrx_word' id='word_1_180' title='bbox 951 2326 1055 2378; x_wconf 78' lang='lat' dir='ltr'><strong>Lsidori</strong></span> <span class='ocrx_word' id='word_1_181' title='bbox 1075 2325 1125 2377; x_wconf 92' lang='lat' dir='ltr'><strong>lib.</strong></span> <span class='ocrx_word' id='word_1_182' title='bbox 1145 2326 1170 2377; x_wconf 73' lang='lat' dir='ltr'><strong>s».</strong></span> <span class='ocrx_word' id='word_1_183' title='bbox 1192 2324 1355 2391; x_wconf 64' lang='lat' dir='ltr'><strong>Elis-molari.</strong></span> 
     </span>
     <span class='ocr_line' id='line_1_21' title="bbox 184 2402 1355 2470; baseline -0.003 -15"><span class='ocrx_word' id='word_1_184' title='bbox 184 2420 211 2456; x_wconf 91' lang='lat' dir='ltr'><strong>c.</strong></span> <span class='ocrx_word' id='word_1_185' title='bbox 226 2402 269 2457; x_wconf 70' lang='lat'><strong>20.</strong></span> <span class='ocrx_word' id='word_1_186' title='bbox 286 2405 384 2457; x_wconf 63' lang='lat' dir='ltr'><strong>Far-ae</strong></span> <span class='ocrx_word' id='word_1_187' title='bbox 401 2407 473 2457; x_wconf 77' lang='lat' dir='ltr'><strong>sarit</strong></span> <span class='ocrx_word' id='word_1_188' title='bbox 491 2405 572 2470; x_wconf 73' lang='lat' dir='ltr'><strong>lepos,</strong></span> <span class='ocrx_word' id='word_1_189' title='bbox 595 2407 627 2458; x_wconf 81' lang='lat' dir='ltr'><strong>ut</strong></span> <span class='ocrx_word' id='word_1_190' title='bbox 645 2408 776 2459; x_wconf 67' lang='lat' dir='ltr'><strong>laustrano</strong></span> <span class='ocrx_word' id='word_1_191' title='bbox 794 2409 873 2458; x_wconf 69' lang='lat' dir='ltr'><strong>riardo</strong></span> <span class='ocrx_word' id='word_1_192' title='bbox 893 2408 1025 2458; x_wconf 78' lang='lat' dir='ltr'><strong>liunmnq</strong></span> <span class='ocrx_word' id='word_1_193' title='bbox 1045 2407 1206 2457; x_wconf 76' lang='lat' dir='ltr'><strong>coerceatur</strong></span> <span class='ocrx_word' id='word_1_194' title='bbox 1218 2403 1355 2459; x_wconf 70' lang='lat' dir='ltr'><strong>irminrici,</strong></span> 
     </span>
     <span class='ocr_line' id='line_1_22' title="bbox 185 2483 1359 2554; baseline 0 -20"><span class='ocrx_word' id='word_1_195' title='bbox 185 2485 305 2552; x_wconf 68' lang='lat' dir='ltr'><strong>tutaeque</strong></span> <span class='ocrx_word' id='word_1_196' title='bbox 332 2483 371 2538; x_wconf 78' lang='lat' dir='ltr'><strong>sa</strong></span> <span class='ocrx_word' id='word_1_197' title='bbox 399 2484 475 2537; x_wconf 77' lang='lat' dir='ltr'><strong>inter</strong></span> <span class='ocrx_word' id='word_1_198' title='bbox 494 2484 638 2553; x_wconf 81' lang='lat' dir='ltr'><strong>irnprobos</strong></span> <span class='ocrx_word' id='word_1_199' title='bbox 657 2486 832 2553; x_wconf 76' lang='lat' dir='ltr'><strong>irtrroeeulr&#39;o,</strong></span> <span class='ocrx_word' id='word_1_200' title='bbox 852 2490 878 2539; x_wconf 80' lang='lat' dir='ltr'><strong>el</strong></span> <span class='ocrx_word' id='word_1_201' title='bbox 897 2486 927 2540; x_wconf 78' lang='lat' dir='ltr'><strong>lu</strong></span> <span class='ocrx_word' id='word_1_202' title='bbox 949 2486 1021 2554; x_wconf 80' lang='lat' dir='ltr'><strong>ipsis</strong></span> <span class='ocrx_word' id='word_1_203' title='bbox 1040 2484 1178 2552; x_wconf 66' lang='lat' dir='ltr'><strong>trapi-plns</strong></span> <span class='ocrx_word' id='word_1_204' title='bbox 1197 2483 1359 2549; x_wconf 71' lang='lat' dir='ltr'><strong>fitrrrridalo</strong></span> 
     </span>
     <span class='ocr_line' id='line_1_23' title="bbox 183 2562 1359 2633; baseline -0.001 -18"><span class='ocrx_word' id='word_1_205' title='bbox 183 2563 329 2631; x_wconf 82' lang='lat' dir='ltr'><strong>supplicio</strong></span> <span class='ocrx_word' id='word_1_206' title='bbox 358 2562 530 2630; x_wconf 75' lang='lat' dir='ltr'><strong>refraenatur</strong></span> <span class='ocrx_word' id='word_1_207' title='bbox 557 2566 679 2618; x_wconf 75' lang='lat' dir='ltr'><strong>troeendi</strong></span> <span class='ocrx_word' id='word_1_208' title='bbox 705 2566 845 2632; x_wconf 76' lang='lat' dir='ltr'><strong>siu-ultas.</strong></span> <span class='ocrx_word' id='word_1_209' title='bbox 866 2564 969 2619; x_wconf 85' lang='lat' dir='ltr'><strong>Solum</strong></span> <span class='ocrx_word' id='word_1_210' title='bbox 993 2567 1093 2633; x_wconf 82' lang='lat' dir='ltr'><strong>itaque.</strong></span> <span class='ocrx_word' id='word_1_211' title='bbox 1111 2565 1159 2616; x_wconf 89' lang='lat' dir='ltr'><strong>hic</strong></span> <span class='ocrx_word' id='word_1_212' title='bbox 1177 2564 1359 2631; x_wconf 84' lang='lat' dir='ltr'><strong>suscipimus</strong></span> 
     </span>
     <span class='ocr_line' id='line_1_24' title="bbox 183 2643 821 2714; baseline 0.003 -18"><span class='ocrx_word' id='word_1_213' title='bbox 183 2643 390 2711; x_wconf 82' lang='lat' dir='ltr'><strong>explicandam</strong></span> <span class='ocrx_word' id='word_1_214' title='bbox 411 2644 487 2713; x_wconf 78' lang='lat' dir='ltr'><strong>legis</strong></span> <span class='ocrx_word' id='word_1_215' title='bbox 506 2650 662 2712; x_wconf 67' lang='lat' dir='ltr'><strong>naturam</strong></span> <span class='ocrx_word' id='word_1_216' title='bbox 683 2647 821 2714; x_wconf 87' lang='lat' dir='ltr'><strong>quocirca</strong></span> 
     </span>
    </p>

    <p class='ocr_par' dir='ltr' id='par_1_4' title="bbox 180 2723 1358 3994">
     <span class='ocr_line' id='line_1_25' title="bbox 237 2723 1357 2794; baseline -0.002 -18"><span class='ocrx_word' id='word_1_217' title='bbox 237 2724 418 2779; x_wconf 74' lang='lat' dir='ltr'><strong>No&#39;raxnrrn</strong></span> <span class='ocrx_word' id='word_1_218' title='bbox 439 2726 464 2778; x_wconf 93' lang='lat'><strong>1.</strong></span> <span class='ocrx_word' id='word_1_219' title='bbox 477 2724 589 2794; x_wconf 81' lang='lat' dir='ltr'><strong>Legem</strong></span> <span class='ocrx_word' id='word_1_220' title='bbox 603 2726 767 2779; x_wconf 85' lang='lat' dir='ltr'><strong>seeundum</strong></span> <span class='ocrx_word' id='word_1_221' title='bbox 782 2727 910 2778; x_wconf 90' lang='lat' dir='ltr'><strong>nominis</strong></span> <span class='ocrx_word' id='word_1_222' title='bbox 929 2732 1049 2792; x_wconf 71' lang='lat' dir='ltr'><strong>etymon</strong></span> <span class='ocrx_word' id='word_1_223' title='bbox 1063 2724 1121 2777; x_wconf 87' lang='lat' dir='ltr'><strong>diei</strong></span> <span class='ocrx_word' id='word_1_224' title='bbox 1135 2724 1181 2777; x_wconf 84' lang='lat' dir='ltr'><strong>vel</strong></span> <span class='ocrx_word' id='word_1_225' title='bbox 1196 2740 1214 2776; x_wconf 91' lang='lat' dir='ltr'><strong>a</strong></span> <span class='ocrx_word' id='word_1_226' title='bbox 1226 2723 1357 2789; x_wconf 63' lang='lat' dir='ltr'><strong>liparam,</strong></span> 
     </span>
     <span class='ocr_line' id='line_1_26' title="bbox 183 2803 1357 2873; baseline -0.003 -18"><span class='ocrx_word' id='word_1_227' title='bbox 183 2804 262 2871; x_wconf 89' lang='lat' dir='ltr'><strong>quod</strong></span> <span class='ocrx_word' id='word_1_228' title='bbox 282 2804 416 2857; x_wconf 88' lang='lat' dir='ltr'><strong>hominos</strong></span> <span class='ocrx_word' id='word_1_229' title='bbox 435 2804 518 2873; x_wconf 76' lang='lat' dir='ltr'><strong>liget,</strong></span> <span class='ocrx_word' id='word_1_230' title='bbox 534 2813 563 2858; x_wconf 88' lang='lat' dir='ltr'><strong>et</strong></span> <span class='ocrx_word' id='word_1_231' title='bbox 576 2805 687 2872; x_wconf 78' lang='lat' dir='ltr'><strong>obligat</strong></span> <span class='ocrx_word' id='word_1_232' title='bbox 699 2806 735 2857; x_wconf 93' lang='lat' dir='ltr'><strong>ad</strong></span> <span class='ocrx_word' id='word_1_233' title='bbox 750 2807 797 2858; x_wconf 83' lang='lat' dir='ltr'><strong>sui</strong></span> <span class='ocrx_word' id='word_1_234' title='bbox 811 2806 1060 2871; x_wconf 66' lang='lat' dir='ltr'><strong>observationem,</strong></span> <span class='ocrx_word' id='word_1_235' title='bbox 1075 2820 1134 2873; x_wconf 92' lang='lat' dir='ltr'><strong>qua</strong></span> <span class='ocrx_word' id='word_1_236' title='bbox 1149 2805 1261 2858; x_wconf 78' lang='lat' dir='ltr'><strong>ratione</strong></span> <span class='ocrx_word' id='word_1_237' title='bbox 1274 2803 1357 2856; x_wconf 84' lang='lat' dir='ltr'><strong>Deus</strong></span> 
     </span>
     <span class='ocr_line' id='line_1_27' title="bbox 183 2883 1357 2952; baseline -0.002 -17"><span class='ocrx_word' id='word_1_238' title='bbox 183 2883 221 2936; x_wconf 86' lang='lat' dir='ltr'><strong>da</strong></span> <span class='ocrx_word' id='word_1_239' title='bbox 249 2883 452 2951; x_wconf 81' lang='lat' dir='ltr'><strong>perduellibus</strong></span> <span class='ocrx_word' id='word_1_240' title='bbox 481 2884 594 2937; x_wconf 73' lang='lat' dir='ltr'><strong>ludaeis</strong></span> <span class='ocrx_word' id='word_1_241' title='bbox 622 2886 814 2952; x_wconf 86' lang='lat' dir='ltr'><strong>conqueritur</strong></span> <span class='ocrx_word' id='word_1_242' title='bbox 842 2886 978 2938; x_wconf 64' lang='lat' dir='ltr'><strong>‚ieremias</strong></span> <span class='ocrx_word' id='word_1_243' title='bbox 1007 2885 1032 2936; x_wconf 81' lang='lat'><strong>2.</strong></span> <span class='ocrx_word' id='word_1_244' title='bbox 1056 2884 1231 2951; x_wconf 74' lang='lat' dir='ltr'><strong>Corrsirpisli</strong></span> <span class='ocrx_word' id='word_1_245' title='bbox 1243 2885 1357 2950; x_wconf 60' lang='lat' dir='ltr'><strong>,pipam</strong></span> 
     </span>
     <span class='ocr_line' id='line_1_28' title="bbox 185 2962 1357 3031; baseline 0.001 -18"><span class='ocrx_word' id='word_1_246' title='bbox 185 2979 294 3021; x_wconf 74' lang='lat' dir='ltr'><strong>ineerta,</strong></span> <span class='ocrx_word' id='word_1_247' title='bbox 318 2963 425 3031; x_wconf 79' lang='lat' dir='ltr'><strong>rupisti</strong></span> <span class='ocrx_word' id='word_1_248' title='bbox 446 2964 561 3017; x_wconf 80' lang='lat' dir='ltr'><strong>cirrcalq</strong></span> <span class='ocrx_word' id='word_1_249' title='bbox 581 2980 654 3027; x_wconf 75' lang='lat' dir='ltr'><strong>orreo,</strong></span> <span class='ocrx_word' id='word_1_250' title='bbox 676 2964 800 3017; x_wconf 67' lang='lat' dir='ltr'><strong>dixisti:</strong></span> <span class='ocrx_word' id='word_1_251' title='bbox 814 2966 881 3017; x_wconf 75' lang='lat' dir='ltr'><strong>Non.</strong></span> <span class='ocrx_word' id='word_1_252' title='bbox 894 2964 1029 3017; x_wconf 78' lang='lat' dir='ltr'><strong>serrium..</strong></span> <span class='ocrx_word' id='word_1_253' title='bbox 1045 2964 1083 3017; x_wconf 75' lang='lat' dir='ltr'><strong>tlt</strong></span> <span class='ocrx_word' id='word_1_254' title='bbox 1096 2964 1199 3018; x_wconf 84' lang='lat' dir='ltr'><strong>llattlr.</strong></span> <span class='ocrx_word' id='word_1_255' title='bbox 1215 2964 1259 3016; x_wconf 68' lang='lat'><strong>23.</strong></span> <span class='ocrx_word' id='word_1_256' title='bbox 1275 2962 1357 3016; x_wconf 87' lang='lat' dir='ltr'><strong>Chri-</strong></span> 
     </span>
     <span class='ocr_line' id='line_1_29' title="bbox 182 3042 1357 3111; baseline -0.003 -16"><span class='ocrx_word' id='word_1_257' title='bbox 182 3051 246 3096; x_wconf 88' lang='lat' dir='ltr'><strong>stus</strong></span> <span class='ocrx_word' id='word_1_258' title='bbox 277 3042 492 3096; x_wconf 68' lang='lat' dir='ltr'><strong>Pharisaeorum</strong></span> <span class='ocrx_word' id='word_1_259' title='bbox 522 3044 700 3111; x_wconf 68' lang='lat' dir='ltr'><strong>hypocrisim</strong></span> <span class='ocrx_word' id='word_1_260' title='bbox 728 3051 758 3099; x_wconf 84' lang='lat' dir='ltr'><strong>ot</strong></span> <span class='ocrx_word' id='word_1_261' title='bbox 786 3045 922 3099; x_wconf 88' lang='lat' dir='ltr'><strong>duritiem</strong></span> <span class='ocrx_word' id='word_1_262' title='bbox 952 3045 1119 3108; x_wconf 58' lang='lat' dir='ltr'><strong>insinuans</strong></span> <span class='ocrx_word' id='word_1_263' title='bbox 1145 3045 1196 3097; x_wconf 89' lang='lat' dir='ltr'><strong>ait:</strong></span> <span class='ocrx_word' id='word_1_264' title='bbox 1223 3043 1357 3109; x_wconf 74' lang='lat' dir='ltr'><strong>Alliprorl</strong></span> 
     </span>
     <span class='ocr_line' id='line_1_30' title="bbox 182 3120 1355 3192; baseline -0.001 -19"><span class='ocrx_word' id='word_1_265' title='bbox 182 3138 270 3174; x_wconf 79' lang='lat' dir='ltr'><strong>onera</strong></span> <span class='ocrx_word' id='word_1_266' title='bbox 287 3121 390 3191; x_wconf 72' lang='lat' dir='ltr'><strong>piritio</strong></span> <span class='ocrx_word' id='word_1_267' title='bbox 409 3125 460 3176; x_wconf 78' lang='lat' dir='ltr'><strong>ele.</strong></span> <span class='ocrx_word' id='word_1_268' title='bbox 481 3120 618 3176; x_wconf 87' lang='lat' dir='ltr'><strong>Secundo</strong></span> <span class='ocrx_word' id='word_1_269' title='bbox 638 3124 687 3176; x_wconf 89' lang='lat' dir='ltr'><strong>lex</strong></span> <span class='ocrx_word' id='word_1_270' title='bbox 706 3124 815 3178; x_wconf 86' lang='lat' dir='ltr'><strong>dieitur</strong></span> <span class='ocrx_word' id='word_1_271' title='bbox 828 3140 846 3178; x_wconf 90' lang='lat' dir='ltr'><strong>a</strong></span> <span class='ocrx_word' id='word_1_272' title='bbox 859 3126 976 3192; x_wconf 75' lang='lat' dir='ltr'><strong>lcpendo</strong></span> <span class='ocrx_word' id='word_1_273' title='bbox 986 3126 1077 3191; x_wconf 70' lang='lat' dir='ltr'><strong>,quia</strong></span> <span class='ocrx_word' id='word_1_274' title='bbox 1091 3124 1182 3192; x_wconf 81' lang='lat' dir='ltr'><strong>leges,</strong></span> <span class='ocrx_word' id='word_1_275' title='bbox 1195 3123 1355 3191; x_wconf 75' lang='lat' dir='ltr'><strong>prasertim</strong></span> 
     </span>
     <span class='ocr_line' id='line_1_31' title="bbox 181 3202 1356 3273; baseline 0 -19"><span class='ocrx_word' id='word_1_276' title='bbox 181 3203 326 3270; x_wconf 63' lang='lat' dir='ltr'><strong>positivae,</strong></span> <span class='ocrx_word' id='word_1_277' title='bbox 348 3202 418 3271; x_wconf 84' lang='lat' dir='ltr'><strong>legi,</strong></span> <span class='ocrx_word' id='word_1_278' title='bbox 439 3209 469 3256; x_wconf 91' lang='lat' dir='ltr'><strong>et</strong></span> <span class='ocrx_word' id='word_1_279' title='bbox 488 3202 669 3272; x_wconf 85' lang='lat' dir='ltr'><strong>promulgari</strong></span> <span class='ocrx_word' id='word_1_280' title='bbox 688 3204 797 3258; x_wconf 84' lang='lat' dir='ltr'><strong>debent</strong></span> <span class='ocrx_word' id='word_1_281' title='bbox 815 3212 971 3273; x_wconf 89' lang='lat' dir='ltr'><strong>postquam</strong></span> <span class='ocrx_word' id='word_1_282' title='bbox 991 3205 1134 3258; x_wconf 82' lang='lat' dir='ltr'><strong>institute</strong></span> <span class='ocrx_word' id='word_1_283' title='bbox 1147 3208 1227 3268; x_wconf 87' lang='lat' dir='ltr'><strong>sunt,</strong></span> <span class='ocrx_word' id='word_1_284' title='bbox 1242 3207 1276 3255; x_wconf 93' lang='lat' dir='ltr'><strong>ut</strong></span> <span class='ocrx_word' id='word_1_285' title='bbox 1290 3203 1356 3254; x_wconf 92' lang='lat' dir='ltr'><strong>sub·</strong></span> 
     </span>
     <span class='ocr_line' id='line_1_32' title="bbox 182 3281 1356 3354; baseline 0.001 -21"><span class='ocrx_word' id='word_1_286' title='bbox 182 3282 259 3335; x_wconf 90' lang='lat' dir='ltr'><strong>ditos</strong></span> <span class='ocrx_word' id='word_1_287' title='bbox 288 3281 439 3351; x_wconf 84' lang='lat' dir='ltr'><strong>obligent3</strong></span> <span class='ocrx_word' id='word_1_288' title='bbox 460 3283 506 3335; x_wconf 89' lang='lat' dir='ltr'><strong>vel</strong></span> <span class='ocrx_word' id='word_1_289' title='bbox 537 3284 608 3350; x_wconf 89' lang='lat' dir='ltr'><strong>quia</strong></span> <span class='ocrx_word' id='word_1_290' title='bbox 636 3285 721 3337; x_wconf 88' lang='lat' dir='ltr'><strong>horno</strong></span> <span class='ocrx_word' id='word_1_291' title='bbox 750 3284 824 3353; x_wconf 84' lang='lat' dir='ltr'><strong>legit</strong></span> <span class='ocrx_word' id='word_1_292' title='bbox 852 3286 882 3338; x_wconf 90' lang='lat' dir='ltr'><strong>in</strong></span> <span class='ocrx_word' id='word_1_293' title='bbox 911 3288 975 3354; x_wconf 87' lang='lat' dir='ltr'><strong>ipsa</strong></span> <span class='ocrx_word' id='word_1_294' title='bbox 1000 3285 1066 3354; x_wconf 82' lang='lat' dir='ltr'><strong>lege</strong></span> <span class='ocrx_word' id='word_1_295' title='bbox 1094 3284 1166 3351; x_wconf 91' lang='lat' dir='ltr'><strong>quid</strong></span> <span class='ocrx_word' id='word_1_296' title='bbox 1194 3282 1356 3350; x_wconf 82' lang='lat' dir='ltr'><strong>agendum,</strong></span> 
     </span>
     <span class='ocr_line' id='line_1_33' title="bbox 182 3362 1356 3434; baseline -0.001 -20"><span class='ocrx_word' id='word_1_297' title='bbox 182 3362 293 3429; x_wconf 86' lang='lat' dir='ltr'><strong>quidve</strong></span> <span class='ocrx_word' id='word_1_298' title='bbox 321 3362 517 3416; x_wconf 84' lang='lat' dir='ltr'><strong>omittendum</strong></span> <span class='ocrx_word' id='word_1_299' title='bbox 545 3363 603 3416; x_wconf 90' lang='lat' dir='ltr'><strong>sit:</strong></span> <span class='ocrx_word' id='word_1_300' title='bbox 623 3363 669 3415; x_wconf 79' lang='lat' dir='ltr'><strong>vel</strong></span> <span class='ocrx_word' id='word_1_301' title='bbox 700 3364 840 3431; x_wconf 84' lang='lat' dir='ltr'><strong>denique,</strong></span> <span class='ocrx_word' id='word_1_302' title='bbox 860 3366 1026 3434; x_wconf 79' lang='lat' dir='ltr'><strong>quialeges</strong></span> <span class='ocrx_word' id='word_1_303' title='bbox 1045 3365 1115 3417; x_wconf 86' lang='lat' dir='ltr'><strong>olirn</strong></span> <span class='ocrx_word' id='word_1_304' title='bbox 1135 3364 1243 3431; x_wconf 81' lang='lat' dir='ltr'><strong>scripto</strong></span> <span class='ocrx_word' id='word_1_305' title='bbox 1264 3362 1356 3415; x_wconf 81' lang='lat' dir='ltr'><strong>trade-</strong></span> 
     </span>
     <span class='ocr_line' id='line_1_34' title="bbox 182 3441 1354 3513; baseline -0.001 -20"><span class='ocrx_word' id='word_1_306' title='bbox 182 3443 291 3495; x_wconf 86' lang='lat' dir='ltr'><strong>bantur</strong></span> <span class='ocrx_word' id='word_1_307' title='bbox 317 3447 352 3495; x_wconf 91' lang='lat' dir='ltr'><strong>ut</strong></span> <span class='ocrx_word' id='word_1_308' title='bbox 379 3443 417 3494; x_wconf 90' lang='lat' dir='ltr'><strong>ab</strong></span> <span class='ocrx_word' id='word_1_309' title='bbox 445 3443 582 3496; x_wconf 90' lang='lat' dir='ltr'><strong>omnihus</strong></span> <span class='ocrx_word' id='word_1_310' title='bbox 603 3443 661 3511; x_wconf 85' lang='lat' dir='ltr'><strong>legi</strong></span> <span class='ocrx_word' id='word_1_311' title='bbox 688 3452 717 3496; x_wconf 88' lang='lat' dir='ltr'><strong>et</strong></span> <span class='ocrx_word' id='word_1_312' title='bbox 742 3445 870 3513; x_wconf 79' lang='lat' dir='ltr'><strong>intelligi</strong></span> <span class='ocrx_word' id='word_1_313' title='bbox 891 3452 1019 3513; x_wconf 87' lang='lat' dir='ltr'><strong>possent.</strong></span> <span class='ocrx_word' id='word_1_314' title='bbox 1040 3443 1118 3495; x_wconf 90' lang='lat' dir='ltr'><strong>Hine</strong></span> <span class='ocrx_word' id='word_1_315' title='bbox 1136 3442 1267 3495; x_wconf 88' lang='lat' dir='ltr'><strong>Isidorus</strong></span> <span class='ocrx_word' id='word_1_316' title='bbox 1287 3441 1306 3493; x_wconf 92' lang='lat' dir='ltr'><strong>l.</strong></span> <span class='ocrx_word' id='word_1_317' title='bbox 1328 3441 1354 3493; x_wconf 68' lang='grc'><strong>2.</strong></span> 
     </span>
     <span class='ocr_line' id='line_1_35' title="bbox 182 3522 1357 3593; baseline 0 -20"><span class='ocrx_word' id='word_1_318' title='bbox 182 3522 345 3589; x_wconf 77' lang='lat' dir='ltr'><strong>Etptnolep.</strong></span> <span class='ocrx_word' id='word_1_319' title='bbox 366 3537 391 3574; x_wconf 89' lang='lat' dir='ltr'><strong>c.</strong></span> <span class='ocrx_word' id='word_1_320' title='bbox 408 3523 450 3575; x_wconf 87' lang='lat'><strong>10.</strong></span> <span class='ocrx_word' id='word_1_321' title='bbox 468 3523 527 3575; x_wconf 85' lang='lat' dir='ltr'><strong>Hoc</strong></span> <span class='ocrx_word' id='word_1_322' title='bbox 547 3523 672 3582; x_wconf 80' lang='lat' dir='ltr'><strong>interest,</strong></span> <span class='ocrx_word' id='word_1_323' title='bbox 694 3525 802 3592; x_wconf 89' lang='lat' dir='ltr'><strong>inquit,</strong></span> <span class='ocrx_word' id='word_1_324' title='bbox 824 3525 899 3578; x_wconf 80' lang='lat' dir='ltr'><strong>inter</strong></span> <span class='ocrx_word' id='word_1_325' title='bbox 918 3527 1016 3593; x_wconf 80' lang='lat' dir='ltr'><strong>lepem,</strong></span> <span class='ocrx_word' id='word_1_326' title='bbox 1037 3527 1062 3575; x_wconf 77' lang='lat' dir='ltr'><strong>et</strong></span> <span class='ocrx_word' id='word_1_327' title='bbox 1081 3540 1200 3586; x_wconf 73' lang='lat' dir='ltr'><strong>nrm-mn,</strong></span> <span class='ocrx_word' id='word_1_328' title='bbox 1212 3523 1290 3590; x_wconf 74' lang='lat' dir='ltr'><strong>‹prtod</strong></span> <span class='ocrx_word' id='word_1_329' title='bbox 1309 3523 1357 3573; x_wconf 75' lang='lat' dir='ltr'><strong>lar</strong></span> 
     </span>
     <span class='ocr_line' id='line_1_36' title="bbox 180 3600 1356 3672; baseline 0 -19"><span class='ocrx_word' id='word_1_330' title='bbox 180 3600 291 3669; x_wconf 71' lang='lat' dir='ltr'><strong>scripta</strong></span> <span class='ocrx_word' id='word_1_331' title='bbox 310 3604 360 3665; x_wconf 83' lang='lat' dir='ltr'><strong>est,</strong></span> <span class='ocrx_word' id='word_1_332' title='bbox 381 3617 444 3654; x_wconf 81' lang='lat' dir='ltr'><strong>mos</strong></span> <span class='ocrx_word' id='word_1_333' title='bbox 465 3618 527 3654; x_wconf 83' lang='lat' dir='ltr'><strong>aero</strong></span> <span class='ocrx_word' id='word_1_334' title='bbox 544 3605 585 3654; x_wconf 80' lang='lat' dir='ltr'><strong>est</strong></span> <span class='ocrx_word' id='word_1_335' title='bbox 607 3606 742 3656; x_wconf 78' lang='lat' dir='ltr'><strong>rtetustate</strong></span> <span class='ocrx_word' id='word_1_336' title='bbox 759 3606 881 3672; x_wconf 79' lang='lat' dir='ltr'><strong>proheta</strong></span> <span class='ocrx_word' id='word_1_337' title='bbox 901 3606 1085 3657; x_wconf 75' lang='lat' dir='ltr'><strong>roasiwlralo.</strong></span> <span class='ocrx_word' id='word_1_338' title='bbox 1106 3603 1132 3653; x_wconf 67' lang='lat' dir='ltr'><strong>s</strong></span> <span class='ocrx_word' id='word_1_339' title='bbox 1151 3607 1169 3630; x_wconf 78' lang='lat'><strong>‘¹</strong></span> <span class='ocrx_word' id='word_1_340' title='bbox 1192 3601 1247 3655; x_wconf 81' lang='lat' dir='ltr'><strong>Cui</strong></span> <span class='ocrx_word' id='word_1_341' title='bbox 1268 3617 1356 3668; x_wconf 75' lang='lat' dir='ltr'><strong>prae-</strong></span> 
     </span>
     <span class='ocr_line' id='line_1_37' title="bbox 181 3679 1356 3752; baseline 0.001 -20"><span class='ocrx_word' id='word_1_342' title='bbox 181 3686 227 3733; x_wconf 88' lang='lat' dir='ltr'><strong>rat</strong></span> <span class='ocrx_word' id='word_1_343' title='bbox 245 3679 357 3747; x_wconf 85' lang='lat' dir='ltr'><strong>Cicero,</strong></span> <span class='ocrx_word' id='word_1_344' title='bbox 378 3680 428 3734; x_wconf 87' lang='lat' dir='ltr'><strong>lib.</strong></span> <span class='ocrx_word' id='word_1_345' title='bbox 451 3683 475 3735; x_wconf 92' lang='lat'><strong>1.</strong></span> <span class='ocrx_word' id='word_1_346' title='bbox 497 3681 540 3735; x_wconf 82' lang='lat' dir='ltr'><strong>De.</strong></span> <span class='ocrx_word' id='word_1_347' title='bbox 559 3683 677 3750; x_wconf 69' lang='lat' dir='ltr'><strong>lepidas,</strong></span> <span class='ocrx_word' id='word_1_348' title='bbox 697 3685 749 3738; x_wconf 87' lang='lat' dir='ltr'><strong>ubi</strong></span> <span class='ocrx_word' id='word_1_349' title='bbox 769 3685 841 3739; x_wconf 88' lang='lat' dir='ltr'><strong>dicit</strong></span> <span class='ocrx_word' id='word_1_350' title='bbox 860 3685 930 3752; x_wconf 79' lang='lat' dir='ltr'><strong>lepis</strong></span> <span class='ocrx_word' id='word_1_351' title='bbox 948 3700 1049 3738; x_wconf 83' lang='lat' dir='ltr'><strong>vocem</strong></span> <span class='ocrx_word' id='word_1_352' title='bbox 1070 3700 1087 3736; x_wconf 91' lang='lat' dir='ltr'><strong>a</strong></span> <span class='ocrx_word' id='word_1_353' title='bbox 1106 3684 1195 3736; x_wconf 81' lang='lat' dir='ltr'><strong>verbo</strong></span> <span class='ocrx_word' id='word_1_354' title='bbox 1214 3684 1273 3748; x_wconf 72' lang='lat' dir='ltr'><strong>lopo</strong></span> <span class='ocrx_word' id='word_1_355' title='bbox 1291 3697 1356 3733; x_wconf 87' lang='lat' dir='ltr'><strong>esse.</strong></span> 
     </span>
     <span class='ocr_line' id='line_1_38' title="bbox 181 3761 1356 3835; baseline -0.001 -22"><span class='ocrx_word' id='word_1_356' title='bbox 181 3761 355 3827; x_wconf 87' lang='lat' dir='ltr'><strong>derivatam,</strong></span> <span class='ocrx_word' id='word_1_357' title='bbox 376 3762 505 3829; x_wconf 85' lang='lat' dir='ltr'><strong>quadiu</strong></span> <span class='ocrx_word' id='word_1_358' title='bbox 527 3763 654 3831; x_wconf 85' lang='lat' dir='ltr'><strong>publicis</strong></span> <span class='ocrx_word' id='word_1_359' title='bbox 674 3766 784 3818; x_wconf 87' lang='lat' dir='ltr'><strong>tabulis</strong></span> <span class='ocrx_word' id='word_1_360' title='bbox 811 3766 937 3835; x_wconf 84' lang='lat' dir='ltr'><strong>legenda</strong></span> <span class='ocrx_word' id='word_1_361' title='bbox 963 3767 1064 3831; x_wconf 79' lang='lat' dir='ltr'><strong>ferun,</strong></span> <span class='ocrx_word' id='word_1_362' title='bbox 1092 3769 1125 3817; x_wconf 93' lang='lat' dir='ltr'><strong>ut</strong></span> <span class='ocrx_word' id='word_1_363' title='bbox 1146 3763 1283 3815; x_wconf 78' lang='lat' dir='ltr'><strong>oninihus</strong></span> <span class='ocrx_word' id='word_1_364' title='bbox 1314 3762 1356 3812; x_wconf 93' lang='lat' dir='ltr'><strong>in-</strong></span> 
     </span>
     <span class='ocr_line' id='line_1_39' title="bbox 181 3840 1357 3912; baseline -0.001 -19"><span class='ocrx_word' id='word_1_365' title='bbox 181 3847 333 3907; x_wconf 77' lang='lat' dir='ltr'><strong>noteseat3</strong></span> <span class='ocrx_word' id='word_1_366' title='bbox 354 3841 401 3894; x_wconf 80' lang='lat' dir='ltr'><strong>rel</strong></span> <span class='ocrx_word' id='word_1_367' title='bbox 422 3840 531 3895; x_wconf 91' lang='lat' dir='ltr'><strong>dieitur</strong></span> <span class='ocrx_word' id='word_1_368' title='bbox 549 3843 586 3894; x_wconf 92' lang='lat' dir='ltr'><strong>ab</strong></span> <span class='ocrx_word' id='word_1_369' title='bbox 605 3843 735 3912; x_wconf 73' lang='lat' dir='ltr'><strong>eliperrdo</strong></span> <span class='ocrx_word' id='word_1_370' title='bbox 753 3861 806 3899; x_wconf 87' lang='lat' dir='ltr'><strong>sau</strong></span> <span class='ocrx_word' id='word_1_371' title='bbox 825 3845 984 3912; x_wconf 61' lang='lat' dir='ltr'><strong>delirando,</strong></span> <span class='ocrx_word' id='word_1_372' title='bbox 1012 3846 1083 3912; x_wconf 91' lang='lat' dir='ltr'><strong>quia</strong></span> <span class='ocrx_word' id='word_1_373' title='bbox 1110 3844 1141 3895; x_wconf 92' lang='lat' dir='ltr'><strong>in</strong></span> <span class='ocrx_word' id='word_1_374' title='bbox 1167 3857 1201 3895; x_wconf 82' lang='lat' dir='ltr'><strong>ea</strong></span> <span class='ocrx_word' id='word_1_375' title='bbox 1224 3841 1357 3894; x_wconf 83' lang='lat' dir='ltr'><strong>delectus</strong></span> 
     </span>
     <span class='ocr_line' id='line_1_40' title="bbox 183 3921 1358 3994; baseline 0 -22"><span class='ocrx_word' id='word_1_376' title='bbox 183 3921 308 3973; x_wconf 87' lang='lat' dir='ltr'><strong>hahetur</strong></span> <span class='ocrx_word' id='word_1_377' title='bbox 327 3935 422 3974; x_wconf 87' lang='lat' dir='ltr'><strong>rarum</strong></span> <span class='ocrx_word' id='word_1_378' title='bbox 443 3922 626 3991; x_wconf 85' lang='lat' dir='ltr'><strong>agendarum</strong></span> <span class='ocrx_word' id='word_1_379' title='bbox 645 3924 692 3977; x_wconf 85' lang='lat' dir='ltr'><strong>vel</strong></span> <span class='ocrx_word' id='word_1_380' title='bbox 720 3926 948 3994; x_wconf 67' lang='lat' dir='ltr'><strong>lugiendarurn,</strong></span> <span class='ocrx_word' id='word_1_381' title='bbox 973 3925 1021 3978; x_wconf 88' lang='lat' dir='ltr'><strong>lex</strong></span> <span class='ocrx_word' id='word_1_382' title='bbox 1043 3925 1122 3976; x_wconf 90' lang='lat' dir='ltr'><strong>enim</strong></span> <span class='ocrx_word' id='word_1_383' title='bbox 1149 3921 1245 3973; x_wconf 92' lang='lat' dir='ltr'><strong>omnis</strong></span> <span class='ocrx_word' id='word_1_384' title='bbox 1264 3921 1358 3973; x_wconf 89' lang='lat' dir='ltr'><strong>dictat</strong></span> 
     </span>
    </p>

    <p class='ocr_par' dir='ltr' id='par_1_5' title="bbox 161 4001 1360 4712">
     <span class='ocr_line' id='line_1_41' title="bbox 161 4001 1358 4072; baseline -0.002 -19"><span class='ocrx_word' id='word_1_385' title='bbox 161 4016 250 4068; x_wconf 76' lang='lat' dir='ltr'><strong>,quar</strong></span> <span class='ocrx_word' id='word_1_386' title='bbox 269 4002 331 4054; x_wconf 90' lang='lat' dir='ltr'><strong>sint</strong></span> <span class='ocrx_word' id='word_1_387' title='bbox 350 4001 489 4070; x_wconf 79' lang='lat' dir='ltr'><strong>eligenda</strong></span> <span class='ocrx_word' id='word_1_388' title='bbox 507 4017 612 4069; x_wconf 72' lang='lat' dir='ltr'><strong>quave</strong></span> <span class='ocrx_word' id='word_1_389' title='bbox 632 4005 806 4072; x_wconf 89' lang='lat' dir='ltr'><strong>respuenda.</strong></span> <span class='ocrx_word' id='word_1_390' title='bbox 835 4004 906 4067; x_wconf 82' lang='lat' dir='ltr'><strong>Quae</strong></span> <span class='ocrx_word' id='word_1_391' title='bbox 930 4009 1078 4072; x_wconf 86' lang='lat' dir='ltr'><strong>postrema</strong></span> <span class='ocrx_word' id='word_1_392' title='bbox 1104 4002 1179 4072; x_wconf 85' lang='lat' dir='ltr'><strong>legis</strong></span> <span class='ocrx_word' id='word_1_393' title='bbox 1203 4001 1358 4067; x_wconf 87' lang='lat' dir='ltr'><strong>usurpatio</strong></span> 
     </span>
     <span class='ocr_line' id='line_1_42' title="bbox 182 4063 1358 4153; baseline -0.001 -22"><span class='ocrx_word' id='word_1_394' title='bbox 182 4080 370 4148; x_wconf 73' lang='lat' dir='ltr'><strong>adpraesens</strong></span> <span class='ocrx_word' id='word_1_395' title='bbox 398 4089 531 4135; x_wconf 89' lang='lat' dir='ltr'><strong>nostrum</strong></span> <span class='ocrx_word' id='word_1_396' title='bbox 560 4083 729 4138; x_wconf 80' lang='lat' dir='ltr'><strong>institutum</strong></span> <span class='ocrx_word' id='word_1_397' title='bbox 748 4086 844 4153; x_wconf 87' lang='lat' dir='ltr'><strong>aptior</strong></span> <span class='ocrx_word' id='word_1_398' title='bbox 862 4084 980 4138; x_wconf 87' lang='lat' dir='ltr'><strong>videtur</strong></span> <span class='ocrx_word' id='word_1_399' title='bbox 1007 4090 1037 4137; x_wconf 91' lang='lat' dir='ltr'><strong>et</strong></span> <span class='ocrx_word' id='word_1_400' title='bbox 1058 4082 1289 4136; x_wconf 84' lang='lat' dir='ltr'><strong>convenientior.</strong></span> <span class='ocrx_word' id='word_1_401' title='bbox 1301 4063 1358 4131; x_wconf 63' lang='lat' dir='ltr'><strong>‘Ab</strong></span> 
     </span>
     <span class='ocr_line' id='line_1_43' title="bbox 183 4158 1360 4231; baseline -0.001 -20"><span class='ocrx_word' id='word_1_402' title='bbox 183 4158 317 4213; x_wconf 79' lang='lat' dir='ltr'><strong>llebrreis</strong></span> <span class='ocrx_word' id='word_1_403' title='bbox 345 4176 414 4214; x_wconf 82' lang='lat' dir='ltr'><strong>vero</strong></span> <span class='ocrx_word' id='word_1_404' title='bbox 443 4160 491 4214; x_wconf 92' lang='lat' dir='ltr'><strong>lex</strong></span> <span class='ocrx_word' id='word_1_405' title='bbox 520 4161 630 4216; x_wconf 87' lang='lat' dir='ltr'><strong>dicitur</strong></span> <span class='ocrx_word' id='word_1_406' title='bbox 658 4164 760 4216; x_wconf 80' lang='lat' dir='ltr'><strong>thorah</strong></span> <span class='ocrx_word' id='word_1_407' title='bbox 780 4181 798 4217; x_wconf 93' lang='lat' dir='ltr'><strong>a</strong></span> <span class='ocrx_word' id='word_1_408' title='bbox 816 4166 906 4218; x_wconf 85' lang='lat' dir='ltr'><strong>verbo</strong></span> <span class='ocrx_word' id='word_1_409' title='bbox 934 4163 1013 4231; x_wconf 92' lang='lat' dir='ltr'><strong>quod</strong></span> <span class='ocrx_word' id='word_1_410' title='bbox 1036 4164 1067 4216; x_wconf 92' lang='lat' dir='ltr'><strong>in</strong></span> <span class='ocrx_word' id='word_1_411' title='bbox 1086 4161 1181 4230; x_wconf 82' lang='lat' dir='ltr'><strong>hiphil</strong></span> <span class='ocrx_word' id='word_1_412' title='bbox 1208 4160 1360 4230; x_wconf 73' lang='lat' dir='ltr'><strong>signiticat</strong></span> 
     </span>
     <span class='ocr_line' id='line_1_44' title="bbox 181 4239 1358 4312; baseline 0.001 -21"><span class='ocrx_word' id='word_1_413' title='bbox 181 4239 295 4302; x_wconf 86' lang='lat' dir='ltr'><strong>docere,</strong></span> <span class='ocrx_word' id='word_1_414' title='bbox 308 4242 379 4308; x_wconf 88' lang='lat' dir='ltr'><strong>quia</strong></span> <span class='ocrx_word' id='word_1_415' title='bbox 393 4241 441 4294; x_wconf 90' lang='lat' dir='ltr'><strong>lex</strong></span> <span class='ocrx_word' id='word_1_416' title='bbox 454 4243 550 4294; x_wconf 88' lang='lat' dir='ltr'><strong>omnis</strong></span> <span class='ocrx_word' id='word_1_417' title='bbox 564 4243 699 4312; x_wconf 76' lang='lat' dir='ltr'><strong>singulos</strong></span> <span class='ocrx_word' id='word_1_418' title='bbox 713 4245 848 4298; x_wconf 83' lang='lat' dir='ltr'><strong>homines</strong></span> <span class='ocrx_word' id='word_1_419' title='bbox 861 4244 897 4298; x_wconf 83' lang='lat' dir='ltr'><strong>de</strong></span> <span class='ocrx_word' id='word_1_420' title='bbox 910 4244 1005 4298; x_wconf 85' lang='lat' dir='ltr'><strong>officio</strong></span> <span class='ocrx_word' id='word_1_421' title='bbox 1018 4258 1072 4297; x_wconf 87' lang='lat' dir='ltr'><strong>suo</strong></span> <span class='ocrx_word' id='word_1_422' title='bbox 1084 4243 1232 4300; x_wconf 76' lang='lat' dir='ltr'><strong>admonet,</strong></span> <span class='ocrx_word' id='word_1_423' title='bbox 1247 4255 1358 4308; x_wconf 85' lang='lat' dir='ltr'><strong>eosque</strong></span> 
     </span>
     <span class='ocr_line' id='line_1_45' title="bbox 183 4319 1357 4390; baseline -0.001 -19"><span class='ocrx_word' id='word_1_424' title='bbox 183 4319 221 4372; x_wconf 84' lang='lat' dir='ltr'><strong>de</strong></span> <span class='ocrx_word' id='word_1_425' title='bbox 240 4322 327 4373; x_wconf 88' lang='lat' dir='ltr'><strong>rebus</strong></span> <span class='ocrx_word' id='word_1_426' title='bbox 346 4321 470 4390; x_wconf 79' lang='lat' dir='ltr'><strong>agendis</strong></span> <span class='ocrx_word' id='word_1_427' title='bbox 489 4321 535 4374; x_wconf 79' lang='lat' dir='ltr'><strong>rel</strong></span> <span class='ocrx_word' id='word_1_428' title='bbox 557 4324 697 4377; x_wconf 85' lang='lat' dir='ltr'><strong>cavendis</strong></span> <span class='ocrx_word' id='word_1_429' title='bbox 717 4326 864 4378; x_wconf 84' lang='lat' dir='ltr'><strong>informat.</strong></span> <span class='ocrx_word' id='word_1_430' title='bbox 887 4323 996 4378; x_wconf 82' lang='lat' dir='ltr'><strong>Graecls</strong></span> <span class='ocrx_word' id='word_1_431' title='bbox 1016 4338 1085 4377; x_wconf 82' lang='lat' dir='ltr'><strong>vero</strong></span> <span class='ocrx_word' id='word_1_432' title='bbox 1113 4322 1222 4375; x_wconf 91' lang='lat' dir='ltr'><strong>dicitur</strong></span> <span class='ocrx_word' id='word_1_433' title='bbox 1239 4337 1320 4385; x_wconf 68' lang='grc' dir='ltr'><strong>νομος</strong></span> <span class='ocrx_word' id='word_1_434' title='bbox 1340 4335 1357 4371; x_wconf 88' lang='lat' dir='ltr'><strong>a</strong></span> 
     </span>
     <span class='ocr_line' id='line_1_46' title="bbox 185 4401 1358 4472; baseline 0 -22"><span class='ocrx_word' id='word_1_435' title='bbox 185 4401 274 4453; x_wconf 83' lang='lat' dir='ltr'><strong>verbo</strong></span> <span class='ocrx_word' id='word_1_436' title='bbox 292 4417 434 4465; x_wconf 72' lang='lat' dir='ltr'><strong>aaavepar</strong></span> <span class='ocrx_word' id='word_1_437' title='bbox 452 4401 532 4470; x_wconf 91' lang='lat' dir='ltr'><strong>quod</strong></span> <span class='ocrx_word' id='word_1_438' title='bbox 560 4407 623 4456; x_wconf 86' lang='lat' dir='ltr'><strong>turn</strong></span> <span class='ocrx_word' id='word_1_439' title='bbox 649 4420 751 4472; x_wconf 75' lang='lat' dir='ltr'><strong>repere,</strong></span> <span class='ocrx_word' id='word_1_440' title='bbox 773 4412 836 4458; x_wconf 87' lang='lat' dir='ltr'><strong>turn</strong></span> <span class='ocrx_word' id='word_1_441' title='bbox 863 4404 1034 4458; x_wconf 79' lang='lat' dir='ltr'><strong>distribuere</strong></span> <span class='ocrx_word' id='word_1_442' title='bbox 1060 4408 1151 4469; x_wconf 87' lang='lat' dir='ltr'><strong>notat,</strong></span> <span class='ocrx_word' id='word_1_443' title='bbox 1177 4402 1248 4469; x_wconf 89' lang='lat' dir='ltr'><strong>quia</strong></span> <span class='ocrx_word' id='word_1_444' title='bbox 1268 4401 1358 4468; x_wconf 83' lang='lat' dir='ltr'><strong>juxta</strong></span> 
     </span>
     <span class='ocr_line' id='line_1_47' title="bbox 181 4478 1355 4553; baseline 0 -21"><span class='ocrx_word' id='word_1_445' title='bbox 181 4478 247 4546; x_wconf 86' lang='lat' dir='ltr'><strong>ejus</strong></span> <span class='ocrx_word' id='word_1_446' title='bbox 274 4481 478 4550; x_wconf 72' lang='lat' dir='ltr'><strong>prescriptum</strong></span> <span class='ocrx_word' id='word_1_447' title='bbox 509 4481 643 4537; x_wconf 87' lang='lat' dir='ltr'><strong>homines</strong></span> <span class='ocrx_word' id='word_1_448' title='bbox 671 4484 734 4553; x_wconf 85' lang='lat' dir='ltr'><strong>regi</strong></span> <span class='ocrx_word' id='word_1_449' title='bbox 762 4484 880 4548; x_wconf 85' lang='lat' dir='ltr'><strong>dabant,</strong></span> <span class='ocrx_word' id='word_1_450' title='bbox 901 4491 931 4538; x_wconf 89' lang='lat' dir='ltr'><strong>et</strong></span> <span class='ocrx_word' id='word_1_451' title='bbox 955 4485 1074 4553; x_wconf 84' lang='lat' dir='ltr'><strong>cuique,</strong></span> <span class='ocrx_word' id='word_1_452' title='bbox 1095 4482 1175 4551; x_wconf 90' lang='lat' dir='ltr'><strong>quod</strong></span> <span class='ocrx_word' id='word_1_453' title='bbox 1193 4496 1280 4534; x_wconf 88' lang='lat' dir='ltr'><strong>suurn</strong></span> <span class='ocrx_word' id='word_1_454' title='bbox 1300 4487 1355 4544; x_wconf 85' lang='lat' dir='ltr'><strong>est,</strong></span> 
     </span>
     <span class='ocr_line' id='line_1_48' title="bbox 181 4558 1355 4631; baseline 0.001 -20"><span class='ocrx_word' id='word_1_455' title='bbox 181 4558 320 4613; x_wconf 86' lang='lat' dir='ltr'><strong>tribuero.</strong></span> <span class='ocrx_word' id='word_1_456' title='bbox 341 4559 419 4613; x_wconf 86' lang='lat' dir='ltr'><strong>Hinc</strong></span> <span class='ocrx_word' id='word_1_457' title='bbox 438 4558 468 4614; x_wconf 89' lang='lat' dir='ltr'><strong>S.</strong></span> <span class='ocrx_word' id='word_1_458' title='bbox 489 4559 690 4631; x_wconf 80' lang='lat' dir='ltr'><strong>Augustinus,</strong></span> <span class='ocrx_word' id='word_1_459' title='bbox 713 4563 871 4618; x_wconf 63' lang='lat' dir='ltr'><strong>moreat.</strong></span> <span class='ocrx_word' id='word_1_460' title='bbox 892 4564 925 4617; x_wconf 89' lang='lat' dir='ltr'><strong>in</strong></span> <span class='ocrx_word' id='word_1_461' title='bbox 945 4563 1054 4618; x_wconf 87' lang='lat' dir='ltr'><strong>Psalm.</strong></span> <span class='ocrx_word' id='word_1_462' title='bbox 1076 4563 1111 4616; x_wconf 75' lang='lat' dir='ltr'><strong>ot</strong></span> <span class='ocrx_word' id='word_1_463' title='bbox 1130 4560 1355 4631; x_wconf 78' lang='lat' dir='ltr'><strong>postmodium,</strong></span> 
     </span>
     <span class='ocr_line' id='line_1_49' title="bbox 180 4637 1357 4712; baseline 0.001 -21"><span class='ocrx_word' id='word_1_464' title='bbox 180 4637 318 4692; x_wconf 80' lang='lat' dir='ltr'><strong>observat</strong></span> <span class='ocrx_word' id='word_1_465' title='bbox 336 4638 416 4708; x_wconf 86' lang='lat' dir='ltr'><strong>qnod</strong></span> <span class='ocrx_word' id='word_1_466' title='bbox 434 4639 491 4694; x_wconf 85' lang='lat' dir='ltr'><strong>atsi</strong></span> <span class='ocrx_word' id='word_1_467' title='bbox 509 4640 558 4694; x_wconf 77' lang='lat' dir='ltr'><strong>tea·</strong></span> <span class='ocrx_word' id='word_1_468' title='bbox 575 4641 608 4696; x_wconf 88' lang='lat' dir='ltr'><strong>ln</strong></span> <span class='ocrx_word' id='word_1_469' title='bbox 626 4641 731 4712; x_wconf 79' lang='lat' dir='ltr'><strong>lingua</strong></span> <span class='ocrx_word' id='word_1_470' title='bbox 750 4642 844 4697; x_wconf 88' lang='lat' dir='ltr'><strong>latina</strong></span> <span class='ocrx_word' id='word_1_471' title='bbox 861 4643 1008 4698; x_wconf 85' lang='lat' dir='ltr'><strong>loeminiui</strong></span> <span class='ocrx_word' id='word_1_472' title='bbox 1021 4643 1060 4697; x_wconf 88' lang='lat' dir='ltr'><strong>sit</strong></span> <span class='ocrx_word' id='word_1_473' title='bbox 1071 4640 1200 4712; x_wconf 81' lang='lat' dir='ltr'><strong>generis,</strong></span> <span class='ocrx_word' id='word_1_474' title='bbox 1215 4641 1246 4694; x_wconf 92' lang='lat' dir='ltr'><strong>iu</strong></span> <span class='ocrx_word' id='word_1_475' title='bbox 1259 4653 1357 4710; x_wconf 79' lang='lat' dir='ltr'><strong>graca</strong></span> 
     </span>
    </p>
   </div>
   <div class='ocr_carea' id='block_1_4' title="bbox 0 0 1542 5417">
    <p class='ocr_par' dir='ltr' id='par_1_6' title="bbox 0 0 1542 5417">
     <span class='ocr_line' id='line_1_50' title="bbox 0 0 1542 5417; baseline 0 0"><span class='ocrx_word' id='word_1_476' title='bbox 0 0 1542 5417; x_wconf 95' lang='lat' dir='ltr'><strong> </strong></span> 
     </span>
    </p>
   </div>
  </div>
 </body>
</html>
