3075 5417
183 557 250 625 408
451 577 497 625 ox
533 575 679 626 uenturo
704 577 748 625 nr
774 575 927 625 oeixcro
958 575 1091 624 numm.
1311 399 1414 638 ,Ἴ

183 700 422 754 consecutionem
442 701 511 753 vitre
530 705 658 764 cetrrnte,
685 705 802 753 constat
820 715 856 752 ex
876 699 978 763 dictim
1008 696 1137 767 qualiter
1156 711 1228 752 vero
1246 697 1366 766 gratiae,

182 785 213 833 et
230 778 333 847 gloriae
352 785 546 850 augmentum
566 781 671 834 mereri
696 780 798 849 possit,
819 778 1075 833 determinandum
1096 783 1142 832 ost
1161 778 1192 831 in
1213 775 1363 847 presenti

236 857 416 914 Norxxnex
436 858 462 912 Ξ.
484 857 604 913 Certum
623 875 688 913 esse
704 860 813 929 pariter
831 875 867 913 ex
882 859 979 924 dictis,
1000 858 1078 927 quod
1092 857 1197 913 nullus
1212 857 1365 924 justorum

184 938 221 992 dc
234 939 382 1008 condigno
395 940 553 1010 promereri
573 941 665 1010 possit
683 940 810 1009 gratiam
830 939 1057 1009 perseverantie
1077 938 1187 1004 dualis,
1200 943 1237 992 ut
1249 941 1366 994 consur

183 1018 245 1072 illis
264 1019 402 1074 omnibus
421 1017 580 1089 Scriptura·
600 1021 742 1087 textibus,
771 1020 881 1088 quibus
900 1028 1059 1073 monentur
1076 1017 1163 1086 justi,
1183 1023 1219 1072 ut
1237 1033 1309 1073 cum
1335 1017 1367 1071 ti·

184 1114 264 1152 ruore
283 1104 313 1153 et
332 1105 456 1152 tremore
475 1107 634 1169 operentur
652 1101 781 1154 salutem
800 1114 894 1154 suam.
916 1095 981 1152 Sic:
1005 1099 1061 1162 Qui
1076 1114 1105 1152 sc
1118 1097 1272 1154 existimat
1290 1099 1368 1152 sture

184 1178 282 1232 eicient
300 1195 334 1232 ne
353 1181 448 1233 centul.
471 1181 496 1233 1.
513 1178 644 1235 Corinth.
661 1181 704 1234 10.
731 1181 775 1234 Tu
788 1181 887 1234 cirtem
906 1180 964 1248 lide
977 1182 1048 1244 stira,
1071 1179 1131 1234 noli
1141 1181 1241 1232 ultum
1254 1193 1366 1248 sapen,

183 1259 234 1312 scd
254 1258 331 1312 time.
353 1259 435 1312 Ronr.
458 1260 500 1313 ll.
527 1260 599 1313 'lbere
617 1261 695 1329 prend
713 1261 808 1320 Ιιαὺοκ,
830 1276 865 1314 nc
877 1257 956 1314 ulicis
968 1258 1094 1328 <recipiet
1111 1274 1251 1312 cormeum
1269 1260 1365 1312 tuom.

183 1337 305 1407 Apocal.
326 1339 352 1392 3.
375 1337 558 1408 Quapropter
577 1338 744 1394 Concilium
764 1339 986 1406 Tridentium,
1007 1337 1085 1395 Sese.
1106 1339 1133 1394 6.
1155 1337 1229 1393 Ceu.
1253 1337 1297 1392 16.
1320 1335 1368 1391 da·

184 1420 293 1472 cernit:
313 1417 347 1470 Si
365 1418 432 1487 quis
450 1435 596 1488 uesperum
612 1420 689 1474 iilud
706 1420 928 1489 perseverentia
939 1421 1052 1473 rlornrm
1065 1436 1093 1472 se
1106 1421 1181 1472 certo
1193 1418 1368 1472 debiturum

184 1499 317 1552 absolute
342 1501 370 1552 et
394 1499 548 1566 irrsnttibili
565 1500 739 1554 certitruiirie
756 1499 876 1560 dixerit,
899 1500 957 1554 nisi
984 1501 1035 1554 hoc
1053 1498 1173 1570 speciali
1196 1497 1370 1553 rerrelntr'one

183 1577 328 1641 didicerit,
349 1581 506 1632 orrctlrerrm
525 1580 572 1634 sit.
605 1579 688 1634 ilatio
707 1587 807 1635 cutem
835 1580 926 1648 hujus
954 1595 1086 1650 congrue
1113 1585 1168 1645 est,
1198 1580 1272 1649 quia
1297 1595 1369 1635 cum

183 1663 279 1712 status
298 1658 387 1726 liujus
402 1659 471 1714 vitm
491 1661 645 1728 praesentis
657 1661 695 1714 sit
707 1666 803 1715 status
816 1660 929 1715 timoris
948 1667 1038 1730 atque
1049 1658 1275 1728 sollicitudinis,
1295 1676 1366 1716 eou-

183 1739 308 1792 veuicns
321 1739 377 1794 luit
396 1739 492 1794 Deum
506 1754 565 1793 nou
584 1755 750 1810 supponere
763 1740 1012 1809 perseverantiam
1034 1740 1136 1815 merito
1149 1740 1186 1793 de
1199 1739 1364 1810 condigno.

184 1815 386 1873 Nihilominus
405 1819 490 1874 docet
509 1820 587 1874 idem
607 1819 696 1874 Cone..
719 1821 790 1874 ibid.
812 1836 876 1891 cap.
894 1822 936 1874 13.
959 1821 1069 1874 donum
1090 1819 1166 1872 illud
1186 1819 1292 1875 saltem
1309 1837 1370 1874 ruii-

185 1897 242 1951 rito
260 1897 297 1952 de
315 1913 447 1968 congruo
466 1914 552 1969 posse
571 1901 708 1967 obtineri,
730 1902 776 1954 his
795 1902 910 1955 verbis:
933 1919 949 1951 «
971 1900 1062 1954 Nemo
1081 1899 1138 1954 sibi
1158 1902 1230 1953 certi
1251 1899 1368 1970 aliquid

185 1995 202 2028 e
220 1978 356 2032 aixsoluta
374 1980 553 2035 certitudine
571 1979 763 2050 polliceatur3
795 1982 909 2036 tametsi
941 1983 970 2033 in
990 1980 1045 2033 Dei
1066 1980 1179 2034 auxilio
1198 1980 1370 2036 firmissime

184 2075 202 2107 «
220 2073 302 2126 spcm
333 2058 479 2114 collocare
498 2066 528 2114 et
548 2075 688 2130 reponere
707 2076 811 2115 omnes
830 2061 953 2122 debent:
975 2061 1056 2114 Deus
1074 2061 1154 2114 euim
1174 2061 1233 2114 nisi
1258 2060 1313 2131 ipsi
1335 2060 1369 2114 il·

185 2157 201 2186 «
221 2137 279 2192 lius
298 2139 403 2208 gratioe
421 2140 580 2208 doluerint,
601 2141 679 2196 sicut
698 2141 788 2210 cupit
807 2156 880 2211 opus
900 2141 1021 2204 bouum,
1043 2141 1083 2193 ita
1096 2140 1229 2210 perticiet
1242 2156 1368 2210 operans

185 2235 201 2266 e
220 2218 299 2272 velle
317 2225 347 2274 ct
366 2223 520 2288 perlicere:
540 2227 745 2276 verumtamen
765 2221 817 2289 qui
837 2235 869 2274 se
887 2222 1059 2274 existimant
1078 2230 1167 2287 stare,
1188 2221 1311 2275 videant
1330 2236 1368 2274 ue

185 2317 201 2348 «
221 2298 339 2364 cadent,
359 2305 476 2354 etcum
496 2302 600 2355 timore
619 2317 653 2354 ac
673 2307 798 2355 tremore
818 2300 943 2354 salutern
964 2316 1048 2354 suam
1064 2305 1225 2370 operentur
1244 2301 1275 2354 iu
1289 2300 1367 2355 labo

186 2397 202 2428 (ι
224 2379 314 2446 ribus,
336 2381 366 2432 iu
386 2380 509 2450 vigiliis,
531 2382 561 2434 in
581 2382 787 2451 eleemosynis
810 2382 838 2434 iu
853 2382 1046 2448 orationibus,
1067 2389 1096 2434 et
1109 2381 1321 2446 oblationibus,
1337 2382 1365 2434 iu

185 2477 202 2508 «
217 2457 352 2525 jejuniis,
372 2465 402 2514 et
420 2460 564 2516 castitate.
586 2461 757 2516 Formidare
776 2462 856 2514 eriim
871 2461 979 2514 debent
999 2463 1125 2516 scientes
1145 2461 1225 2529 quod
1239 2462 1271 2516 in
1284 2476 1366 2532 spem

185 2557 202 2588 e
221 2539 334 2607 glorie,
354 2546 385 2594 et
402 2541 536 2595 noudum
555 2541 585 2595 in
606 2541 732 2612 glorium
754 2542 846 2595 renati
867 2549 947 2607 sunt,
969 2541 1005 2593 de
1020 2557 1130 2610 pugna,
1151 2556 1219 2610 quae
1233 2545 1367 2612 superest

185 2637 202 2669 «
221 2633 289 2673 curu
310 2635 408 2686 carne,
429 2622 633 2686 wormundo,
655 2636 723 2675 cum
738 2621 866 2686 diabolo,
889 2622 918 2674 iu
933 2638 991 2688 ipen
1006 2623 1132 2675 victores
1150 2637 1216 2676 esse
1229 2637 1291 2675 nou
1305 2636 1365 2691 pos·

186 2717 201 2749 «
221 2705 301 2766 suut,
322 2701 380 2754 uisi
400 2715 468 2755 cum
487 2701 543 2756 Dei
562 2703 658 2771 gratia
678 2700 819 2770 Apostolo
848 2703 1050 2770 obtemperent
1069 2702 1191 2754 dicenti:
1214 2702 1365 2757 Debitoree

185 2797 203 2829 «
221 2794 325 2834 sumus
344 2795 404 2834 nou
423 2782 516 2848 cami,
546 2788 580 2835 ut
598 2781 764 2835 secuudum
792 2797 910 2834 eumeni
938 2783 1088 2846 vivamus-3
1118 2781 1244 2835 sienim
1264 2797 1364 2836 secuu-

186 2879 201 2908 «
221 2858 291 2912 dum
312 2875 430 2914 carnem
444 2862 580 2916 vixeritis
600 2861 785 2914 moriemini:
807 2862 830 2913 si
845 2867 943 2914 nutem
965 2862 1070 2928 spiritu
1085 2864 1161 2913 laeta
1181 2862 1282 2916 carnis
1295 2878 1364 2916 mor·

186 2957 201 2988 «
222 2940 413 3004 titiexxeritis
434 2942 542 2996 viretis
562 2959 588 2994 rr.
1389 3003 1393 3012 ,

241 3018 419 3074 Noxxxur'n
439 3024 465 3074 3.
488 3018 607 3074 Certum
629 3023 739 3089 pariter
758 3037 822 3074 esse
842 3021 919 3089 qrrod
942 3022 1026 3072 boum
1046 3022 1100 3073 sibi
1123 3036 1181 3074 nou
1203 3023 1297 3089 possit
1310 3039 1363 3076 rue·

187 3099 254 3156 reri.
269 3114 366 3166 ireque
379 3100 415 3153 dc
428 3100 589 3168 condigno,
610 3102 903 3170 1u·queeecongru0
918 3102 1041 3168 primam
1061 3101 1186 3169 grul-iam
1201 3103 1362 3168 actualem

186 3180 257 3247 quia
286 3183 330 3230 ut
349 3179 479 3234 diximus
509 3181 538 3234 iu
559 3181 739 3250 prisci-denti
759 3180 939 3244 Questiouer
960 3196 1046 3233 omui·
1067 3181 1204 3234 rueritum
1225 3183 1364 3251 supponit

187 3259 283 3325 ipsum
298 3260 443 3312 auxilium
463 3261 566 3329 gratie·
581 3261 708 3314 actualis
728 3277 765 3314 ex
780 3276 854 3328 pura
874 3261 1073 3314 misericordia
1088 3261 1172 3312 turbis
1191 3276 1209 3312 a
1223 3261 1288 3315 Deo
1300 3278 1363 3316 eou-

185 3352 313 3392 eessum:
334 3354 400 3406 qun·
420 3341 524 3409 utique
544 3341 652 3395 veritas
672 3341 868 3395 determinata
889 3343 943 3394 luit
973 3340 1032 3392 illis¹
1051 3341 1189 3394 oinuilrus
1213 3343 1243 3394 iu
1265 3341 1363 3396 Conci-

187 3417 245 3472 liis.
268 3419 297 3470 iu
317 3419 426 3486 quibus
452 3420 627 3489 jugulatum
647 3426 691 3474 est
710 3429 740 3474 et
759 3421 912 3490 explosum
936 3421 1163 3486 Pelaginuorum
1184 3437 1218 3474 ae
1238 3421 1364 3492 Semipe-

187 3496 374 3565 lngiauoiuru
392 3499 510 3569 dogma.
532 3499 611 3554 Hinc
631 3498 705 3554 illud
726 3502 852 3570 vulgare
872 3501 1097 3568 'ilreologieuun
1112 3501 1296 3569 principium
1313 3519 1363 3555 rur-

188 3576 239 3628 riti
259 3594 314 3629 uon
335 3579 413 3632 rectit
432 3581 486 3632 sub
503 3579 658 3638 meritura:
678 3584 815 3635 meritum
831 3581 908 3634 euim
925 3581 1163 3649 pnesuppouitur
1178 3583 1306 3636 mercedi
1320 3582 1362 3635 xel

186 3664 220 3712 ut
234 3659 374 3722 existens,
396 3660 441 3714 vel
458 3671 491 3714 ut
503 3660 639 3715 absolute
653 3664 802 3727 tuturum3
824 3661 889 3713 ideo
910 3675 1037 3727 luctuque
1059 3661 1190 3714 redditur
1202 3673 1229 3715 ct
1245 3662 1365 3717 debetur

186 3739 293 3796 alicui.
313 3740 384 3808 quia
403 3742 448 3794 vel
465 3741 528 3806 jam
549 3742 623 3794 bene
643 3747 781 3809 operatus
801 3750 855 3794 est.
877 3742 923 3792 vel
947 3740 1125 3807 praevidetur
1144 3757 1208 3794 esse
1228 3743 1303 3798 irene
1319 3743 1365 3796 ab

186 3820 282 3873 solute
301 3827 491 3887 operaturus:
512 3822 650 3875 meritum
670 3836 741 3889 ergo
761 3829 862 3875 causat
884 3835 1041 3888 persuum
1062 3837 1136 3885 esse,
1158 3821 1203 3874 rel
1225 3827 1295 3878 actu
1308 3824 1365 3878 exi·

186 3907 278 3964 stens,
298 3898 345 3954 vel
366 3900 500 3954 absolute
519 3903 671 3955 luterum:
697 3900 884 3969 subindeque
905 3902 1145 3969 prwsuppouitur
1163 3901 1199 3954 nd
1220 3917 1309 3956 suurn
1328 3907 1365 3956 el·

186 3983 313 4034 tectum:
333 3989 451 4050 ergoet
480 3982 671 4050 principium,
692 3998 709 4034 a
729 3997 788 4049 qno
815 3981 902 4033 babet
922 3982 1088 4034 necessario
1108 3991 1140 4034 ut
1159 3982 1197 4035 sit
1219 3984 1365 4049 meritum,

188 4061 374 4130 prusupponi
388 4061 475 4114 debet
493 4061 615 4115 effectus
629 4062 737 4126 meriti,
759 4078 813 4115 nec
829 4067 921 4128 potest
942 4075 1007 4112 esse
1023 4060 1104 4114 illius
1125 4062 1221 4114 urenti
1235 4062 1365 4126 effectus,

186 4155 221 4194 ac
242 4140 364 4208 prolude
383 4156 442 4194 uon
462 4145 557 4209 potest
575 4141 680 4194 cedere
699 4141 755 4194 sub
776 4141 924 4204 meritum,
948 4153 1000 4191 uec
1022 4157 1085 4193 esse
1106 4140 1187 4194 illius
1205 4157 1326 4208 merces,
1340 4151 1368 4196 et

186 4220 309 4274 effeetus
337 4221 470 4284 moralis;
500 4221 679 4291 principium
701 4220 782 4275 enim
813 4220 907 4273 atttriti
935 4222 1101 4272 necessario
1131 4224 1368 4290 prusuppouitur

187 4301 234 4354 isti
257 4301 368 4356 merito.
383 4308 413 4355 et
426 4300 507 4354 illius
520 4301 706 4355 causalitatl:
727 4300 797 4354 lilue
813 4305 913 4368 operte
933 4300 1018 4353 docet
1033 4300 1202 4368 Apostolus,
1218 4301 1327 4370 Eplrcs.
1341 4302 1366 4356 i.

189 4380 294 4434 Gratia
312 4380 380 4432 estis
398 4381 506 4434 scelecti
520 4396 575 4449 per
592 4380 692 4448 tidem,
713 4382 740 4431 rt
759 4382 811 4434 troc
831 4396 886 4433 riou
908 4397 945 4432 er
966 4381 1051 4435 rolris.
1075 4380 1128 4432 lla-i
1152 4382 1229 4433 enirn
1256 4383 1368 4436 clerium

186 4464 237 4515 est.
261 4475 316 4512 riori
336 4477 374 4514 eu·
391 4459 535 4530 operibus,
567 4462 600 4512 nt
618 4475 653 4514 nc
677 4460 746 4530 piris
760 4460 912 4530 piorietur.
934 4460 1012 4513 Hine
1034 4459 1199 4514 Concilium
1223 4462 1369 4517 'l‘ridenti

187 4555 271 4604 nuru,
291 4539 370 4594 Scss.
390 4541 417 4594 6.
447 4555 512 4610 cup.
532 4541 559 4593 8.
579 4555 648 4595 curu
668 4540 799 4612 explicat
829 4541 891 4594 huc
911 4541 1000 4593 verba
1021 4539 1153 4608 Apostoli
1179 4541 1216 4593 ad
1238 4541 1320 4596 llom.
1340 4542 1366 4596 t.

185 4617 352 4688 «tristificati
365 4619 461 4690 yrulr'tt
474 4635 530 4690 pet·
544 4619 676 4690 peullam
696 4619 801 4690 ipsius,
823 4620 880 4674 nil:
903 4620 1004 4672 t'r'rrtlr's
1016 4622 1113 4671 irritem
1128 4620 1296 4688 justificari
1308 4619 1369 4676 idel
