3075 5417
515 639 560 688 ou
583 639 734 689 LEGfflUS
760 639 929 689 sonorus
1126 603 1153 634 ⁸
1247 623 1312 690 261

130 784 150 818 o
168 771 249 820 ctare
267 777 423 834 quousque
441 758 668 832 veritaspateat
686 763 825 818 aliunde:
845 764 871 817 si
884 764 964 818 onim
978 764 1018 818 ita
1031 769 1118 831 esset,
1139 764 1219 833 quod
1232 780 1311 819 unus

131 835 279 899 &Doctor
306 844 417 898 diceret
444 843 574 912 aliquem
603 858 726 912 peccare
755 843 927 910 mortaliter,
948 844 1005 898 nisi
1030 846 1074 898 sic
1099 845 1217 912 taceret,
1239 851 1312 898 tuno

131 924 297 994 «simplex
325 925 398 978 toret
425 923 602 993 perplexus:
633 923 698 977 ideo
726 924 803 978 bene
826 924 990 978 videndum
1017 929 1062 979 est
1090 924 1121 977 in
1150 925 1313 979 moralibus

131 1025 150 1058 <r
169 1010 329 1074 antequam
357 1004 471 1074 aliquid
500 1008 658 1071 asseratur,
679 1005 751 1072 quia
775 1005 915 1059 videlicet
933 1020 1001 1058 cum
1027 1006 1138 1059 habens
1158 1005 1232 1059 duas
1251 1005 1312 1074 opi·

131 1105 151 1138 «
170 1086 274 1139 nioues
292 1085 454 1139 contrarias
472 1084 632 1153 perplexus
645 1084 693 1152 sit,
708 1085 874 1153 periculose
886 1099 919 1138 se
931 1085 1141 1140 determinaret
1158 1085 1196 1138 ad
1209 1100 1310 1150 unam,

131 1185 151 1218 a
170 1166 228 1220 nisi
248 1182 279 1219 re
297 1165 457 1234 diligenter
475 1166 609 1233 inspecta
633 1164 860 1233 probabiliorem
879 1164 1011 1235 eligeret.
1034 1164 1182 1229 »Quibus
1202 1164 1314 1219 Doctor
1417 1173 1420 1180 '

131 1246 294 1316 significat,
315 1245 395 1314 quod
415 1245 446 1298 in
466 1243 626 1298 moralibus
645 1245 755 1299 sufficit
779 1245 901 1314 quidem
926 1245 1076 1299 interdum
1095 1244 1132 1298 ad
1152 1244 1314 1313 prudenter
1418 1305 1426 1321 .

130 1326 317 1396 operandum
345 1325 493 1393 judicium
513 1324 675 1393 probabile,
696 1324 816 1393 quando
841 1325 981 1380 videlicet
999 1341 1059 1381 non
1077 1325 1205 1380 occurrit
1229 1324 1313 1378 aliud

133 1406 333 1476 probabilius:
354 1406 425 1459 dum
438 1409 538 1459 autem
552 1405 584 1459 fit
597 1419 759 1459 concursus
773 1406 898 1459 duarum
915 1406 1088 1474 opinionum
1103 1405 1312 1474 probabilium,

131 1501 189 1540 nos
208 1486 302 1540 teneri
326 1485 411 1554 sequi
435 1500 511 1551 eam,
535 1500 624 1553 quam
647 1485 819 1553 judicamus
840 1486 1083 1555 probabiliorem
1113 1485 1225 1554 alioqui
1247 1500 1313 1554 pcc·

132 1581 238 1620 camus
257 1571 359 1619 contra
378 1565 497 1635 regulas
515 1565 691 1634 prudentiae,
712 1581 780 1633 quac
798 1565 891 1620 dietat
907 1566 977 1620 huic
989 1567 1088 1635 potius
1101 1565 1313 1619 adhaerendum

130 1653 209 1714 esse,
230 1661 296 1714 quae
315 1645 392 1699 nulli
412 1660 532 1715 prorsus
559 1646 687 1711 errandi,
708 1650 761 1700 aut
783 1646 925 1714 peccandi
954 1645 1087 1716 periculo
1106 1660 1161 1699 nos
1179 1646 1312 1714 exponit,

132 1742 226 1795 quarn
250 1725 307 1794 illi,
328 1742 395 1795 quin
424 1741 477 1779 nos
505 1725 649 1795 probabili
679 1725 784 1780 saltem
814 1726 967 1795 peccandi,
987 1732 1017 1794 et
1035 1726 1152 1780 errandi
1181 1725 1314 1794 periculo

136 1806 233 1861 reddit
254 1807 412 1861 obnoxios:
442 1806 522 1860 unde
547 1803 576 1859 S.
603 1804 828 1874 chrysostomus
848 1805 933 1860 liom.
957 1806 983 1860 4.
1004 1807 1036 1859 in
1057 1805 1161 1860 llatth.
1181 1805 1215 1859 Si
1232 1805 1314 1859 ansti-

135 1889 270 1941 mcnirrm
287 1889 451 1956 erupturus,
472 1902 569 1940 terrram
585 1886 668 1954 piros
687 1886 901 1955 tropolinlorem,
922 1889 950 1940 ct
967 1887 1111 1940 altorum:
1140 1888 1166 1939 et
1188 1885 1238 1939 ubi
1255 1902 1313 1939 rne-

133 1967 220 2021 lr'orcs
238 1969 325 2021 vestes
345 1967 498 2030 inueneris,
513 1969 539 2019 et
555 1966 648 2034 prelio
663 1965 767 2032 viliori,
779 1967 815 2020 ab
828 1966 878 2021 illo
890 1981 1061 2035 compascua·
1078 1982 1120 2020 art
1133 1982 1192 2020 reon
1205 1968 1313 2034 oporto!

130 2049 281 2117 poprdnm
292 2047 414 2100 circuire
426 2063 526 2100 omnes
535 2046 680 2114 Doctores,
696 2049 721 2099 ot
735 2047 891 2116 lrrqro'rera
906 2047 956 2100 oiri
968 2047 1076 2101 sirtcerc
1087 2046 1192 2101 veritos
1204 2045 1314 2100 Christi

134 2129 333 2195 retrovertatur,
344 2129 371 2181 et
380 2126 430 2181 nbi
442 2130 590 2195 corrupta,
604 2126 739 2180 rariorem
751 2126 851 2196 elipere
861 2129 1024 2196 plusquam
1037 2127 1263 2181 castinacum-m?
1275 2156 1311 2165 —

139 2206 234 2261 Tertio
252 2208 381 2276 deniquo
400 2206 526 2276 Epikeja
544 2206 689 2260 utendum
708 2213 762 2266 est,
784 2207 904 2275 quando
922 2207 1031 2261 incerti
1050 2222 1164 2275 sumus,
1185 2206 1314 2260 voluerit

134 2303 175 2341 ne
193 2287 359 2357 Legislator
378 2288 458 2340 hunc
476 2302 577 2339 casum
606 2286 864 2355 comprehendere,
884 2301 918 2341 eo
939 2287 1019 2357 quod
1038 2288 1129 2341 verba
1155 2287 1230 2356 legis
1253 2302 1312 2339 non

134 2369 208 2423 satis
227 2368 257 2420 id
276 2368 457 2437 significant,
477 2373 506 2420 et
526 2367 641 2419 licitum
661 2371 706 2420 cst
725 2367 769 2420 uti
790 2367 916 2436 EpikeJa
933 2368 999 2421 sine
1024 2382 1147 2422 recursu
1165 2367 1203 2420 ad
1222 2365 1313 2435 Supe·
1416 2365 1418 2370 '

137 2448 254 2515 riorem,
275 2448 412 2516 quamvis
431 2461 483 2515 per
501 2451 618 2515 tempus
638 2461 787 2500 recurrero
806 2446 903 2502 liceat.
924 2447 1009 2501 Ratio
1030 2452 1084 2515 est,
1105 2447 1176 2516 quia
1194 2447 1314 2515 quando

136 2528 238 2597 agitur
265 2531 381 2581 tantum
401 2528 437 2581 de
457 2528 613 2581 vorborum
641 2526 858 2595 significatione
883 2543 943 2581 non
965 2537 1101 2581 tenemur
1119 2543 1154 2580 ea
1173 2528 1314 2596 interpre-

135 2609 194 2663 tari
212 2608 376 2661 secundum
398 2613 524 2661 montem
539 2606 741 2676 Logislatoris,
755 2606 875 2676 quando
893 2608 957 2676 ipse
975 2623 1039 2661 eam
1059 2623 1120 2663 non
1138 2606 1311 2672 declaravit,

136 2703 235 2757 neque
254 2688 292 2741 ad
311 2689 397 2741 illum
417 2702 574 2754 recurrere,
595 2687 647 2740 sed
665 2702 824 2756 possumus
838 2687 907 2755 juro
926 2693 1025 2742 nostro
1044 2687 1212 2753 utendo,ea
1226 2687 1313 2739 inter·

136 2769 246 2838 pretori
253 2767 342 2836 Juxta
351 2783 537 2821 communem
550 2781 682 2834 sonsum,
694 2771 723 2820 et
732 2767 896 2821 secundum
907 2768 1054 2837 principia
1066 2767 1148 2821 illius
1161 2766 1312 2832 doctrinm,

133 2864 206 2918 quae
225 2863 325 2902 veram
350 2853 380 2902 ot
404 2863 576 2916 germanam
600 2848 757 2900 verborum
783 2848 1041 2916 significationem,
1062 2848 1242 2915 modumque
1263 2846 1315 2898 illa

136 2929 272 2998 legitime
290 2928 503 2996 interpretandi
524 2928 622 2982 tradit.

593 3789 862 3845 llll‘RIlIATUR:

318 3897 365 3951 Fr⁴
387 3897 558 3953 Ascensus
578 3896 695 3951 Lnrrnr
715 3895 749 3951 Ο.
771 3896 805 3950 Ρ.
826 3894 856 3951 S.
878 3896 912 3950 P.
933 3894 969 3949 A.
985 3895 1136 3967 Magister.

595 4128 863 4184 IMPRIMATUR:

217 4236 344 4291 ‹Josnrn
364 4236 580 4304 Cnrrnrnnnr,
601 4236 851 4307 Archiepiscopus
871 4237 1027 4308 iprensis,
1053 4237 1242 4307 l'icespcrcrar.
