3075 5417
534 599 578 647 nr.
602 599 736 648 enarra
752 600 996 649 surrrcunrrn.
1291 582 1354 649 281

177 720 275 775 ratius
292 720 397 790 prodire
414 720 478 783 Dei,
500 722 552 790 qui
570 723 596 775 et
614 737 714 774 murrea
733 722 864 776 domines
886 724 947 776 arrii
964 724 1059 776 aalma
1078 723 1151 791 fieri.
1173 725 1199 776 et
1217 723 1258 777 od
1275 724 1358 791 opori-

177 801 286 855 tionem
307 801 435 854 veritatis
454 801 558 855 *verriu-e.

233 881 391 936 Rnrouns.
413 880 537 935 Omnem
557 883 690 935 divinam
709 883 893 936 voluntatem
913 884 1041 952 impleri,
1065 899 1132 937 nam
1152 884 1252 936 oruuio
1281 900 1357 952 (μια-

175 976 302 1030 eramque
323 961 411 1013 noluit
430 960 578 1014 Dominam
596 961 665 1029 feeit
683 962 714 1015 iu
734 964 802 1015 eaelo
820 965 846 1015 et
866 963 897 1015 in
917 966 1002 1017 terro.
1025 963 1134 1017 l’salm.
1158 964 1217 1015 1:51.
1239 963 1285 1024 Et,
1307 965 1357 1015 i'o-

176 1041 290 1094 {raritati
316 1042 380 1108 ejus
408 1042 475 1110 quia
504 1042 630 1095 resistit?
658 1042 740 1095 Rom.
773 1042 815 1097 15.
847 1042 933 1097 Unde
961 1041 990 1096 S.
1012 1043 1211 1113 Augustinus
1242 1043 1292 1096 lib.
1315 1042 1357 1095 De

179 1121 373 1189 Corroptioae,
405 1137 430 1175 e.
454 1122 495 1175 li.
517 1121 577 1175 Deo
606 1123 710 1175 roieutr'
728 1122 824 1189 furere
849 1124 968 1176 trudam
996 1123 1125 1177 triarioru
1152 1124 1256 1177 resistit
1283 1122 1358 1175 ordi-

175 1201 289 1263 trium;
316 1201 357 1255 sie
376 1201 453 1254 artior
477 1203 543 1255 reite
567 1204 594 1255 ei
619 1204 693 1256 troile
712 1203 745 1256 in
767 1203 888 1256 uolentis
915 1206 968 1256 out
993 1204 1119 1257 uolentis
1142 1207 1183 1257 eei
1207 1205 1356 1272 potestate,

180 1284 212 1334 ut
231 1281 366 1334 diriuom
389 1283 564 1335 aoranae-m
585 1298 644 1336 tiore
658 1282 809 1351 irupedioi,
831 1299 882 1336 orer
893 1286 1009 1352 eriperet
1025 1286 1205 1353 potestatem.
1221 1282 1276 1337 Cui
1289 1298 1357 1337 eon-

176 1363 253 1415 einit
271 1360 300 1414 S.
323 1362 515 1432 Fulgentius:
547 1363 628 1424 Quod
649 1364 719 1430 ruli,
741 1364 848 1432 inquit,
878 1380 991 1432 semper
1013 1363 1249 1433 irmuperobr'lr'ter
1266 1363 1358 1431 fooit,·

175 1458 246 1495 oum
265 1458 331 1511 erpo
349 1443 412 1495 uait
431 1458 530 1494 eomas
548 1442 679 1495 horratum
698 1445 793 1496 soiitos
812 1443 886 1511 fieri,
907 1445 958 1497 doc
976 1444 1085 1513 quqrpe
1104 1444 1136 1497 io
1152 1444 1355 1512 virivualam,

176 1523 256 1591 quod
268 1522 475 1591 onrntporenrts
489 1522 544 1576 Dei
558 1526 691 1576 rotantes
710 1523 958 1577 iucommutabilis
976 1527 1003 1577 et
1022 1524 1251 1593 timendi-aetla
1263 1525 1355 1576 leniret.

177 1603 289 1655 Eadem
309 1604 397 1657 etiam
418 1604 609 1657 conscribunt
628 1604 773 1658 Praesules
793 1603 924 1658 Atrieaui
936 1605 1100 1659 ¹(mutantes
1112 1605 1150 1658 in
1170 1602 1307 1657 Sardinia
1324 1605 1355 1656 iu

178 1682 312 1750 Epistola
332 1681 497 1751 Synodion:
517 1683 636 1750 Seorper
657 1685 791 1736 roluutoa
810 1683 866 1737 Dei
884 1683 1033 1751 impietur.
1061 1684 1132 1752 quio
1148 1684 1359 1752 potestasque

175 1764 350 1814 rruiioteuus
372 1761 514 1815 riocdur:
535 1763 600 1830 Ipsa
619 1765 660 1815 est
678 1764 767 1828 euim,
790 1763 842 1833 qai
860 1763 959 1816 ooruio
973 1779 1162 1832 qrroecumque
1184 1763 1272 1816 uoluit
1289 1762 1359 1830 ferit

178 1842 209 1893 in
232 1843 299 1894 rulo
327 1843 352 1893 et
373 1842 402 1893 iu
424 1844 511 1903 terro,
542 1842 672 1896 inmari
695 1846 721 1896 ei
746 1844 881 1897 muuibua
905 1843 1027 1910 odyssia.
1052 1845 1078 1894 et
1102 1844 1189 1910 ‹rq'ua
1219 1842 1360 1895 uoluntati

177 1937 262 1974 tremo
277 1921 397 1975 resisiit:
417 1922 468 1975 sed
484 1937 541 1974 uon
562 1938 663 1977 omnes
677 1939 796 1992 prorsus
816 1924 949 1976 homiues
964 1923 1135 1976 salvantur:
1155 1938 1225 1993 ergo
1238 1924 1357 1992 signum

175 2009 223 2056 est
237 1985 333 2054 Deum
344 2018 402 2055 non
414 2002 492 2056 velle
502 2003 635 2056 omnium
646 2004 799 2056 homiuum
810 2003 945 2057 salutem.
959 2034 992 2042 -
1003 2005 1118 2056 Verum
1131 2004 1198 2056 dico
1207 2019 1273 2055 oum
1286 2002 1323 2056 D.
1336 2004 1355 2056 I.

178 2081 287 2145 aroma,
310 2081 406 2135 Deum
427 2082 541 2149 aliquid
561 2091 644 2136 extra
671 2099 703 2135 se
721 2084 800 2136 veile
819 2084 935 2136 duobus
954 2083 1064 2136 modis:
1082 2083 1190 2152 primo,
1218 2089 1278 2136 tam
1297 2082 1356 2135 etii·

177 2163 289 2215 eaeiter
307 2167 337 2215 et
356 2167 499 2229 potenter,
520 2167 554 2215 ut
574 2179 735 2231 numquam
756 2179 843 2230 opere
862 2164 1052 2231 prohibeatur
1069 2164 1135 2231 eius
1154 2164 1295 2227 inteuti03
1315 2179 1355 2213 aa·

175 2243 276 2294 euraclo
296 2243 395 2295 minus
414 2242 524 2309 valide,
545 2243 596 2296 sed
617 2248 716 2296 tamen
735 2243 925 2310 sufficienter,
946 2244 1017 2311 quia
1036 2250 1134 2311 posset
1152 2244 1274 2297 eti'ectus
1290 2244 1356 2295 sub·

176 2322 273 2389 sequi,
295 2323 319 2374 si
350 2337 408 2375 uon
428 2322 566 2376 deiiceret
593 2323 695 2390 aliqua
717 2324 856 2376 conditio.
888 2323 982 2376 [riori
1007 2324 1160 2378 voluntate
1187 2323 1267 2376 Deus
1292 2323 1357 2375 vult

177 2402 339 2455 electorum
359 2402 503 2455 salutem:
523 2404 603 2471 quia,
620 2404 717 2471 inquit
736 2402 896 2471 Apostolus
925 2405 949 2457 ἓ.
974 2404 1010 2456 ad
1031 2404 1219 2457 Timotheum
1239 2403 1277 2468 2.,
1295 2403 1358 2455 Fir·

179 2498 264 2534 muru
298 2482 530 2548 ferrromommm
563 2483 618 2535 Dei
657 2485 715 2534 aiot
742 2484 850 2535 laedens
882 2483 1090 2550 aiquooulmu:
1117 2483 1193 2536 idest
1223 2483 1357 2551 sigillum

176 2577 237 2629 quo
267 2561 355 2615 Pater
385 2573 513 2616 aternus
541 2564 572 2615 in
592 2578 647 2615 suo
670 2564 856 2631 prescientia
885 2571 976 2616 ratam
1006 2564 1094 2616 fixam
1125 2564 1252 2616 tiliorum
1280 2563 1357 2616 sulu-

178 2649 236 2695 tem
258 2643 442 2711 obsignavit:
465 2643 551 2696 Novit
570 2643 648 2696 euim
668 2643 816 2696 Dorm'uus·
837 2644 889 2711 qai
911 2646 982 2695 suat
1003 2646 1076 2710 rjus.
1100 2650 1130 2697 et
1151 2658 1238 2695 nemo
1266 2644 1358 2711 rapiet

177 2737 228 2776 eos
248 2722 285 2775 de
305 2738 395 2775 manu
417 2724 518 2791 ipsius.
547 2724 702 2776 Posteriori
721 2739 791 2776 vero
810 2725 942 2777 omnium
963 2724 1116 2776 hominum
1136 2723 1298 2791 generatim
1313 2739 1357 2775 sa·

178 2804 271 2856 intem
292 2803 431 2869 intendit,
454 2803 543 2871 idque
562 2804 676 2856 sineere
689 2810 834 2871 quantum
852 2821 887 2855 ex
902 2809 984 2871 parte
997 2818 1067 2860 sua:
1088 2803 1139 2856 sed
1154 2803 1209 2870 ipsi
1224 2803 1357 2855 homines

178 2889 296 2951 proptor
321 2898 404 2935 suam
425 2884 651 2952 negligentiam,
678 2891 730 2937 aut
749 2884 893 2936 malit-iam
919 2890 1027 2936 :eterna
1047 2883 1143 2935 salute
1163 2883 1355 2944 fraudantur,

177 2964 319 3031 quoniam
339 2963 396 3030 ipsi
416 2964 524 3016 divina·
553 2964 698 3016 voluntati
724 2967 923 3030 rotrapanturq
954 2979 1007 3017 nee
1037 2968 1135 3015 tamen
1163 2963 1227 3030 ipsa
1256 2963 1356 3015 diviua

177 3044 317 3097 voluntas
337 3044 485 3111 generalis
504 3045 577 3097 adeo
591 3047 623 3097 tit
642 3044 823 3106 introeunda,
845 3045 918 3111 quin
938 3060 975 3097 ex
988 3060 1024 3097 ea
1044 3049 1204 3096 nascantur
1224 3044 1357 3095 innume·

180 3123 287 3175 rabiles
300 3124 403 3191 gratiae
417 3138 533 3191 semper
546 3124 702 3191 parabiles,
714 3129 743 3177 et
756 3124 793 3176 ad
807 3124 932 3177 salutem
948 3124 1161 3192 procurandam
1173 3129 1356 3191 opportunae,

178 3204 203 3256 si
224 3204 260 3256 iis
280 3204 461 3270 quicumque
482 3205 645 3271 potiuntur,
666 3205 708 3258 uti
730 3204 853 3256 vellent.
875 3204 989 3265 Quibus
1008 3204 1032 3256 si
1052 3206 1125 3256 torte
1138 3203 1181 3255 uti
1196 3202 1356 3268 noluerint,

179 3285 340 3336 burrianum
362 3284 558 3336 nihilominus
578 3284 760 3338 voluntatem
782 3284 884 3336 diviua
903 3299 1018 3351 semper
1036 3283 1196 3350 superabit,
1212 3282 1300 3335 tinem
1314 3299 1357 3335 se·

177 3363 355 3416 eundarium
380 3364 528 3418 sortitura.
556 3365 802 3431 quotiescumque
828 3364 916 3431 eulpa
942 3371 1041 3415 nostra
1062 3363 1151 3416 tuerit
1173 3362 1355 3416 defraudata.

181 3445 247 3495 Nou.
275 3443 316 3494 air
343 3442 421 3494 euim
449 3443 605 3494 rorrsiitaio
634 3447 704 3496 aurit
732 3460 817 3511 opero
838 3442 969 3502 Domini,
1000 3442 1097 3510 inquit
1125 3440 1154 3495 S.
1175 3442 1303 3511 August.
1326 3443 1357 3494 in

180 3523 259 3576 Psal.
282 3523 341 3574 110.
374 3526 404 3573 ut
423 3525 556 3574 ‹nuoturu
586 3523 617 3575 ia
637 3523 757 3575 arom-io
785 3523 872 3576 libero
894 3522 1050 3576 roristiiuiu
1072 3522 1214 3575 Creator-is
1241 3525 1358 3590 suprad

182 3605 367 3655 rolrmioirm.
392 3603 454 3654 ,um
479 3604 538 3654 rati
559 3602 646 3666 Deera,
670 3606 702 3654 ui
719 3618 824 3670 per-ers,
847 3619 915 3655 uum
934 3603 1080 3670 prodibat:
1102 3605 1197 3655 tomen
1217 3603 1244 3654 si
1262 3619 1357 3670 perro·

181 3684 262 3744 reris,
295 3699 350 3735 urm
370 3685 454 3749 putes
475 3683 619 3735 ammaum
640 3683 740 3750 sitisse
769 3684 846 3751 qood
868 3682 965 3740 rotuli,
989 3685 1015 3734 ri
1034 3681 1093 3734 Dm
1117 3682 1254 3735 oeridr‘sse
1280 3685 1358 3751 qumi

181 3763 291 3815 mmo.-
312 3762 385 3814 sirui
405 3763 483 3813 euim
500 3765 568 3816 ruli.
593 3766 624 3815 ai
637 3765 721 3815 domo
742 3778 797 3813 nou
818 3765 927 3830 parcet:
946 3762 986 3813 ito
1003 3764 1063 3814 mir
1081 3762 1211 3830 merzeno
1228 3780 1354 3830 parrone.

132 3881 136 3885 .
181 3845 211 3894 ut
232 3845 442 3896 reuertamur!
458 3843 550 3895 riroi:
571 3843 611 3894 r'io
628 3845 688 3895 ruli
706 3846 860 3910 postiurno,
876 3858 935 3894 uon
945 3842 1100 3910 primario.
1123 3841 1152 3893 iu
1168 3846 1282 3909 per-roto
1295 3860 1357 3910 μω·-

176 3927 354 3975 sommum
376 3923 493 3990 prurire.
527 3923 698 3990 rrtjastr'tr're
721 3922 882 3991 potentiam
909 3925 1070 3975 eouiurauae
1099 3938 1155 3974 uon
1176 3924 1289 3974 erratui.
1313 3924 1357 3974 Ito

177 4004 325 4072 qrridqm'd
343 4004 467 4068 almer-ts,
489 4003 681 4072 «antiquitati
701 4019 757 4054 uau
785 4003 885 4064 comit,
907 4004 985 4054 unde
1008 4018 1093 4054 suom
1114 4002 1149 4053 de
1168 4004 1192 4051 tr
1217 4003 1358 4068 rorupleut

180 4086 366 4135 uoluntatem.
390 4083 469 4135 Deus
489 4099 559 4151 ergo
578 4083 625 4135 vel
647 4083 775 4136 intendit
793 4083 951 4135 efficaciter
970 4092 998 4135 et
1018 4082 1212 4135 determinate
1230 4081 1357 4134 salutem

178 4163 349 4227 electorum,
378 4170 406 4214 et
435 4173 507 4215 tuuc
535 4179 570 4214 ea
589 4178 736 4229 nusquam
766 4165 933 4226 frustratur,
963 4162 1010 4214 vel
1031 4161 1202 4229 disjunctim
1230 4162 1358 4215 intendit

179 4245 311 4295 omnium
332 4243 470 4306 salutem,
491 4251 543 4294 aut
556 4252 634 4295 certe
648 4243 671 4294 si
689 4242 797 4294 salvari
813 4241 972 4308 noluerint,
993 4242 1176 4310 punitionem
1188 4260 1195 4306 3
1209 4257 1273 4295 eam
1288 4256 1358 4295 vero

178 4329 315 4391 peccator
335 4338 497 4388 numquam
518 4320 655 4390 effugiet:
686 4328 775 4389 atque
796 4323 833 4374 ita
862 4323 893 4374 tit
915 4337 1030 4390 semper
1049 4322 1191 4375 alterutro
1211 4322 1295 4374 modo
1315 4322 1357 4374 di·

178 4403 249 4454 vina
270 4402 416 4454 uoluntas.

233 4482 382 4534 iteramus
402 4480 427 4532 2.
450 4481 639 4534 i'oiunt-atem
668 4481 900 4534 conditionatum
928 4481 1120 4550 aequipollere
1141 4482 1287 4534 voluntati
1308 4482 1357 4533 ab·

179 4562 294 4622 solutre,
324 4560 443 4629 quando
463 4562 592 4614 conditio
621 4561 756 4629 ponendo
777 4560 885 4628 pendet
903 4577 920 4613 a
940 4561 1109 4616 voluntate:
1129 4562 1181 4615 sed
1207 4562 1270 4630 ipsa
1289 4576 1357 4613 eon·

179 4642 252 4694 ditio
271 4658 307 4694 ex
328 4656 388 4709 qua
407 4641 516 4708 pendet
536 4641 688 4694 hominum
708 4641 800 4706 salus,
822 4655 928 4709 nempe
940 4640 967 4693 ai
980 4640 1038 4709 ipsi
1059 4640 1159 4702 ratini,
1177 4657 1243 4693 non
1257 4643 1366 4690 inimus
