3075 5417
213 623 276 688 192
415 641 459 688 ns.
484 639 679 689 ararnnmo
702 639 847 686 onam
871 637 1170 686 saserreicanrrs.

210 764 308 832 legem
322 763 515 816 ordinariam:
531 773 683 830 peccatum
698 771 796 815 antem
811 761 928 813 veniale
939 761 1098 813 subsistere
1109 769 1205 828 potest
1215 775 1283 813 eum
1296 761 1392 830 maiia

210 843 301 896 etiam
321 843 408 894 valde
428 844 554 904 intensa,
575 853 647 909 puta
664 857 732 894 rum
753 841 862 908 aliquis
883 840 993 893 itabens
1017 840 1190 893 ohrrritatom
1220 839 1392 894 ardentissi-

212 938 301 987 mam,
323 922 400 975 idern
420 933 573 991 peceatum
593 922 710 975 veniale.
729 921 896 980 committit,
917 935 984 972 curn
1004 934 1038 970 eo
1052 920 1104 986 qni
1118 919 1293 972 charitatem
1309 919 1391 974 dum·

211 1011 293 1055 taxat
314 1003 464 1055 rernissam
485 1003 581 1054 hahet.
602 1002 767 1054 ‚sarmatam
790 1000 876 1053 etima
899 1000 956 1051 diri
977 1000 1090 1066 nequit.
1112 1015 1218 1068 nempe
1244 1001 1324 1067 quod
1345 1015 1392 1052 vo-

210 1081 291 1133 niale
312 1093 465 1150 peecatum
487 1093 601 1133 moveat
622 1081 719 1134 lit-nm
739 1080 775 1132 ari
796 1079 971 1132 auterendos
990 1079 1106 1146 aliquos
1135 1079 1246 1148 gradus
1275 1081 1391 1148 gratiae,

210 1161 283 1227 quia
301 1161 382 1214 Dens
402 1176 460 1213 non
482 1162 567 1229 punit
587 1161 696 1213 leviora
716 1171 846 1228 portata,
867 1159 968 1227 qualia
987 1168 1056 1211 sunt
1075 1160 1216 1218 venialia.
1233 1169 1292 1212 tam
1309 1153 1392 1226 gravi

212 1257 308 1311 prena,
329 1253 442 1310 quanta
460 1253 504 1294 est
523 1241 641 1294 amissio
660 1251 687 1294 et
709 1239 834 1308 privatio
853 1239 981 1304 alicujus
1002 1240 1092 1306 partis
1117 1240 1220 1307 gratiae
1241 1249 1269 1292 et
1290 1240 1393 1308 gioriae

212 1322 256 1374 illi
276 1321 540 1388 corresponrlentis.
563 1320 683 1374 Deinde.
705 1321 730 1373 si
750 1331 902 1387 peccatum
932 1319 1049 1372 veniale
1077 1319 1201 1386 gratiam
1233 1320 1391 1374 minueret.

212 1411 386 1469 sequeretur
405 1399 523 1452 tandem
538 1401 616 1468 quod
630 1400 836 1469 multiplicatis
850 1400 978 1468 peccatis
990 1399 1169 1454 venialibus.
1185 1401 1282 1468 gratia
1297 1409 1394 1468 posset

211 1482 334 1533 omnino
353 1478 492 1546 deperdi:
513 1495 581 1531 nam
601 1495 668 1532 cum
689 1479 799 1548 gratius
814 1479 894 1532 uitus
907 1480 1009 1546 gratiae
1025 1480 1083 1530 sint
1099 1479 1184 1542 liniti,
1200 1480 1223 1531 si
1239 1480 1394 1546 quodlibet

212 1568 367 1628 peceatum
388 1559 505 1611 veniale
524 1575 617 1612 unum
638 1561 766 1626 aliquem
787 1560 923 1628 gradum.
945 1559 990 1611 vel
1018 1568 1128 1627 partem
1159 1558 1224 1624 ejus
1252 1561 1392 1624 autemut,

213 1649 256 1692 tot
274 1639 416 1692 cornmitti
437 1649 555 1705 possent
575 1651 694 1707 peecata
715 1639 853 1694 venialia.
875 1648 908 1692 ut
927 1638 1044 1690 tandem
1066 1649 1126 1691 tota
1145 1640 1241 1706 grat-ia
1274 1641 1391 1706 periret,

213 1729 243 1772 et
261 1729 466 1772 evanescent:
488 1719 647 1772 absurdum
667 1731 709 1771 est
725 1725 822 1772 autem
838 1719 915 1787 qnod
937 1735 986 1786 per
1006 1727 1125 1786 peecata
1147 1719 1277 1772 venialia
1297 1719 1393 1788 gratia

214 1799 307 1866 possit
325 1798 465 1865 deperdi:
486 1799 596 1866 alioqui
617 1800 702 1853 homo
722 1811 839 1868 proptor
860 1809 1010 1867 paccatum
1032 1798 1149 1851 veniale
1169 1799 1304 1851 damnari
1330 1814 1392 1867 pos-

213 1887 277 1938 set,
297 1878 407 1946 quippe
426 1877 635 1931 destitueretur
653 1881 747 1946 gratia
768 1881 981 1936 satietilicante.
1002 1893 1067 1946 onte
1088 1877 1265 1930 adsalutem
1281 1893 1323 1930 est
1346 1880 1393 1928 aii-

215 1958 312 2010 solnte
331 1959 506 2010 necessaria.

269 2037 382 2091 nais:
405 2037 460 2089 l'er
477 2039 594 2091 veniale
613 2051 766 2108 peecatum
787 2040 970 2092 contrahitur
989 2039 1109 2104 iptirlam
1132 2051 1223 2106 tepor,
1238 2050 1266 2092 et
1287 2039 1395 2091 animat

215 2117 309 2170 virtus
329 2117 493 2176 hebetatur.
515 2120 675 2186 praesertim
705 2118 823 2186 quando
853 2120 1046 2186 treqnentius.
1068 2128 1097 2170 et
1117 2117 1278 2171 rleliimrate
1299 2119 1393 2171 liunt:

216 2197 267 2250 s·‹l
282 2203 364 2264 tepor
383 2197 434 2249 ille
453 2209 481 2251 et
496 2198 547 2250 illa
561 2201 668 2250 anima·
685 2199 871 2250 imbecillitas
886 2198 1006 2249 aliunde
1020 2213 1077 2249 non
1100 2199 1289 2263 proveniunt.
1304 2213 1394 2266 quam

213 2293 251 2329 ex
271 2277 468 2330 diminutione
487 2280 590 2346 pratia·
612 2279 789 2331 habitualis:
810 2294 880 2344 erg-o
902 2293 1000 2328 revera
1021 2295 1072 2344 per
1092 2289 1244 2345 peecatum
1275 2277 1396 2331 veniale

214 2357 400 2409 diminuitur.
422 2387 456 2394 —
475 2359 564 2424 Nego
584 2360 746 2410 minorem:
769 2358 820 2408 illa
849 2359 926 2409 onim
949 2373 1005 2408 non
1028 2358 1204 2424 pimenium
1234 2373 1269 2408 ev
1296 2357 1395 2410 remis-

215 2439 297 2488 sione
323 2447 351 2489 et
377 2437 574 2490 diminutione
594 2438 697 2506 gratian
717 2438 929 2490 sanetilieantis
951 2438 977 2488 in
1000 2439 1115 2504 seipsa:
1138 2435 1187 2488 sed
1209 2453 1243 2488 rx
1265 2439 1395 2490 substra-

214 2517 312 2569 ctione
326 2517 504 2570 auxiliorum
518 2517 631 2586 grat-ire.
649 2518 758 2585 quilms
773 2517 912 2582 indignus
930 2519 969 2570 iit.
985 2517 1034 2582 oui
1052 2516 1172 2567 liberius
1186 2527 1238 2569 aut
1259 2521 1396 2584 trequen-

215 2597 274 2649 tius
294 2597 450 2650 venialiter
470 2609 579 2665 peceat.

270 2677 366 2729 liuns
386 2677 411 2729 2.
434 2677 563 2730 Sarnetns
583 2677 780 2746 Augustinus.
806 2677 933 2744 lipistoln
955 2677 990 2728 ad
1015 2675 1236 2730 Selencimnun.
1257 2677 1394 2732 atlirmat.

214 2757 331 2825 quodsi
347 2757 475 2808 venialia
489 2757 612 2811 collecta
626 2760 745 2814 luerint.
762 2759 802 2808 ita
818 2774 868 2806 no.-¹
884 2757 1045 2825 oppriment
1069 2767 1096 2808 et
1119 2757 1295 2822 gravabunt.
1318 2758 1394 2808 sirm

216 2852 309 2890 unum
330 2836 449 2904 aliquod
469 2837 582 2904 grando
600 2849 774 2905 peecatum:
795 2851 865 2903 ergo
885 2836 1012 2886 venialia
1035 2837 1230 2903 multiplicata
1257 2836 1395 2889 enrmlem

217 2918 323 2969 lmliero
337 2925 459 2985 possunt
473 2918 620 2976 elleeturn,
635 2932 722 2984 quem
739 2917 858 2968 lmlmret
873 2931 964 2967 nnnm
981 2916 1119 2966 mortale:
1142 2915 1190 2966 sed
1213 2931 1304 2968 nmnn
1323 2932 1396 2967 mor·

216 2997 275 3049 tale
296 3005 447 3064 peccatmn
468 2997 575 3048 sullicit
596 3012 653 3050 non
674 2996 769 3047 solnm
797 2996 832 3047 ad
855 2996 1057 3047 minin-mimo.
1084 2997 1133 3045 seri
1164 2997 1251 3047 etiam
1282 2995 1317 3046 ml
1349 2997 1395 3048 de-

216 3077 387 3129 struendam
407 3077 531 3144 gratiam
551 3077 806 3129 sanctificantem:
827 3092 897 3143 erpo
919 3077 1025 3143 pariter
1051 3075 1177 3126 venialia
1208 3087 1326 3142 peecata
1348 3091 1396 3144 po·

217 3167 316 3208 terunt
335 3157 467 3207 eamdem
488 3157 613 3222 gratiam
634 3157 793 3208 riestrnere.
815 3167 865 3206 ant
886 3156 989 3207 salom
1012 3156 1153 3207 minuere.
1176 3185 1208 3192 —
1229 3156 1397 3222 Distinguo

216 3237 409 3287 antecedens:
430 3237 595 3302 oppriment
614 3247 643 3288 et
663 3238 830 3303 gravalmnt-
855 3236 988 3286 ellective
1011 3247 1037 3286 et
1060 3235 1229 3290 tovmaliter.
1251 3235 1327 3287 sieut
1348 3251 1396 3303 op·

219 3316 317 3382 primit
337 3325 366 3366 et
384 3325 488 3380 «gravat
508 3327 660 3383 peecatmn
682 3315 813 3368 mortale.
831 3331 922 3382 nego:
941 3315 1112 3381 dispositive
1138 3325 1165 3366 et
1195 3325 1311 3366 reinote.
1329 3330 1397 3366 ron·

218 3395 300 3446 codo.
323 3393 456 3446 l'enialia
476 3396 553 3446 enim
576 3395 770 3462 multiplicata
792 3395 952 3461 disponunt
974 3393 1009 3444 ml
1030 3394 1216 3445 arnissiomnn
1238 3395 1352 3460 gratia.
1369 3405 1396 3446 et

218 3475 453 3527 ernnmissionem
475 3475 586 3542 petenti
607 3475 748 3530 mortalis.
769 3486 917 3542 qnatenu-
943 3475 1054 3524 sciliret
1084 3481 1251 3541 trerptenter
1270 3487 1296 3525 et
1322 3475 1396 3526 ortii·

219 3555 300 3606 narie
319 3556 475 3623 contingit.
495 3566 528 3608 ut
548 3556 597 3622 qni
620 3554 705 3606 valdo
725 3555 912 3623 negligentes·
934 3567 1001 3606 -nnt
1023 3556 1050 3605 in
1074 3555 1202 3605 vitnmlis
1217 3555 1395 3614 venialibus,

219 3635 357 3687 labantur
376 3635 404 3685 in
426 3635 545 3702 aliquod
565 3643 717 3702 peceatum
740 3634 872 3688 mormle.
904 3635 972 3700 «prin
1003 3634 1206 3686 destituuntur
1236 3634 1397 3700 rnajoriims

218 3715 339 3765 auxiliis
359 3715 472 3782 gratian.
493 3715 602 3780 ‹priims
626 3714 699 3779 justi
730 3715 903 3782 privantur:
926 3732 939 3760 e
956 3713 1024 3764 rlnm
1040 3715 1117 3764 enim
1141 3714 1283 3766 lromines.
1300 3715 1395 3779 inquit

219 3813 233 3834 a
254 3791 284 3845 S.
307 3793 504 3860 Augustinus.
525 3795 664 3846 ¹N'ennone
683 3803 727 3846 Νὴ.
750 3794 791 3846 Dr
811 3796 945 3861 tempo-o.
969 3793 1155 3858 negligentes
1177 3794 1320 3860 imprimis
1350 3795 1397 3845 dr·-

219 3893 232 3918 e
254 3874 384 3942 spiciunt
405 3883 522 3942 peecata
543 3888 607 3928 sun,
629 3875 698 3940 qnia
719 3889 808 3941 parva
823 3885 902 3926 sunt.
917 3873 1118 3925 crescentibus
1134 3873 1254 3924 minutis
1269 3875 1398 3940 pet-eatis

219 3977 234 3994 a
255 3955 407 4007 adduntur
425 3965 453 4007 et
473 3955 607 4008 crimina.
628 3966 656 4004 ot
677 3954 829 4006 emmtlmn
853 3953 974 4004 tarium.
996 3963 1023 4004 et
1044 3953 1222 4019 deminuunt
1244 3971 1266 4004 o.

217 4083 370 4138 litaturus:
390 4077 517 4146 qaanto-
532 4077 630 4142 ‚rparlirr
650 4079 839 4144 sintrlr'sieoos
854 4093 905 4142 pri·
917 4078 1064 4142 ponarium
1083 4077 1201 4126 moi-inlr
1220 4079 1395 4143 arpi-italio.

272 4175 310 4208 till
330 4159 459 4225 plessicii-e,
479 4159 506 4202 el
526 4157 635 4207 rttlr'rrltr·
654 4156 843 4224 oppulsilr'rritr's
860 4156 1022 4206 patruolis:
1042 4173 1078 4204 rut
1098 4173 1158 4204 reim
1174 4157 1320 4207 irtsrrctlt'hr
1335 4158 1397 4208 littt-

273 4241 347 4290 iom.
368 4241 394 4282 ei
414 4237 524 4288 rrrliorte
542 4237 741 4304 dispositionis
760 4239 786 4282 rl
805 4235 998 4286 maliuolioais
1017 4236 1145 4286 dirime!

274 4353 476 4406 litzsrmsmzo,
498 4351 527 4404 id
547 4352 608 4403 lieri
628 4366 687 4403 non
708 4350 838 4418 physio,
860 4350 910 4402 sed
931 4349 1088 4406 moraliter,
1109 4351 1177 4416 quin
1199 4350 1222 4401 si
1244 4361 1396 4417 peccatum

220 4433 342 4487 mortale
361 4445 438 4486 esset
456 4447 547 4486 causa
566 4432 688 4500 pinsita
707 4429 891 4498 expulsionis
910 4431 1022 4498 gratim,
1046 4429 1073 4481 id
1094 4439 1244 4496 prostaret
1265 4431 1310 4483 vel
1332 4431 1397 4484 eile-

219 4515 308 4574 etive,
330 4513 375 4564 vel
397 4513 567 4566 tormaiiter.
589 4510 634 4564 vel
657 4511 791 4580 positive.
805 4539 838 4546 -
852 4509 987 4561 l'rimom
1002 4509 1060 4562 dici
1074 4511 1188 4576 munit.
1210 4510 1279 4577 quia
1294 4511 1317 4562 si
1334 4525 1398 4580 peu·

220 4603 321 4646 catum
340 4593 462 4646 mortale
490 4591 624 4646 ellective
643 4589 769 4658 gratiam
799 4589 930 4658 pelleret.
961 4589 1079 4642 denen-t
1109 4589 1137 4640 in
1165 4589 1264 4642 anima
1283 4589 1404 4644 efficere·

200 4675 332 4726 lormanr
350 4673 487 4742 aliquam
507 4671 635 4744 pltvsice
655 4669 711 4742 ipsi
730 4670 835 4740 gratim
854 4668 1027 4738 oppositam,
1048 4679 1076 4722 et
1096 4683 1163 4722 vum
1178 4685 1212 4720 ea
1227 4669 1400 4740 incompati-
