3075 5417
574 625 620 673 na
644 625 733 674 naen
764 624 944 674 mosaice.
1282 604 1349 671 145

180 747 338 802 lienninam
360 753 464 802 autem
485 747 627 802 rationem
647 763 701 802 eur
719 763 779 817 prae
798 749 913 801 caeteris
931 749 1133 802 animantibus
1153 763 1220 802 sues
1240 747 1349 800 abomi-

180 837 277 883 nantur
296 829 411 906 dadai,
431 828 583 882 existimat
595 828 702 883 Petrus
716 827 845 882 Curram
859 828 903 881 De
922 829 993 898 Rep.
1007 829 1207 896 llebrreorum,
1222 843 1286 896 cap.
1302 827 1346 878 21.

179 909 237 964 inde
255 909 417 979 petendam
439 909 519 978 quod
537 910 666 979 populus
685 909 866 963 Israeliticus
889 910 945 962 tuit
964 909 1034 962 olim
1055 911 1127 962 mire
1146 910 1292 962 obnoxius
1313 907 1348 959 iis
1426 909 1433 924 '

179 991 278 1042 morbis
296 990 352 1059 qui
372 989 464 1058 Syros
477 991 686 1059 utplurimum
700 994 790 1059 atque
804 989 960 1058 rligyptios
975 990 1162 1043 infestabant.
1178 989 1350 1057 vitiligines

176 1070 247 1122 enim
267 1075 483 1139 psorasqueet
501 1077 575 1124 tetra
594 1070 695 1124 ulcera
710 1070 773 1137 jam
794 1071 864 1123 olim
884 1070 945 1124 illis
964 1070 1104 1140 gentibus
1120 1069 1203 1122 velut
1217 1069 1350 1137 proprias

178 1159 266 1218 pestes
295 1149 483 1219 adscripsere
510 1152 617 1204 summi
647 1151 838 1204 medicorum.
860 1151 921 1205 Hos
949 1157 1048 1204 autem
1077 1155 1106 1203 et
1134 1150 1245 1203 similes
1274 1163 1349 1216 pene

180 1231 290 1284 morbos
310 1245 373 1284 nno
386 1231 508 1284 nomine
520 1232 692 1300 complexus
707 1231 823 1300 Moyses
836 1239 890 1298 est,
905 1237 935 1284 et
947 1233 1057 1300 lepreon
1073 1231 1200 1284 vocarit.
1218 1229 1305 1282 Porro
1318 1229 1350 1281 in

175 1311 274 1365 suibus
294 1311 412 1365 scabies
431 1317 462 1365 et
480 1312 683 1365 immundities
702 1328 762 1365 non
778 1313 885 1365 vitium
899 1313 950 1365 sed
963 1316 1071 1365 natura
1082 1315 1136 1365 est.
1152 1309 1248 1373 Quare
1261 1325 1299 1362 ne
1312 1308 1349 1361 ad

176 1405 326 1460 corporum
348 1407 470 1460 pravam
488 1391 670 1446 abactionem
685 1393 823 1461 coritagio
836 1408 954 1461 (tuoque
967 1392 1117 1446 accederet
1131 1391 1232 1459 aliqua
1246 1405 1281 1444 ex
1296 1404 1349 1442 esu

176 1477 353 1526 coniectare
371 1471 463 1540 paulo
482 1473 715 1540 superstitiosius
734 1474 861 1527 aversati
881 1478 951 1526 sunt
970 1487 1060 1542 quarn
1079 1478 1131 1525 aut
1150 1471 1198 1524 lex
1212 1469 1350 1524 Numinis

176 1557 296 1606 tortasse
311 1551 454 1618 jusserat,
474 1560 527 1606 aut
554 1553 681 1621 positum
709 1554 894 1622 ingentium
914 1554 1039 1606 aliarum
1059 1552 1203 1605 institutis
1223 1556 1293 1604 erat.
1316 1579 1350 1586 -

178 1631 315 1686 ¹lttamen
346 1647 448 1685 revera
475 1647 543 1686 sues
571 1634 649 1687 inter
670 1634 834 1687 animantia
856 1634 1020 1698 immunda,
1041 1649 1166 1702 quorum
1186 1639 1216 1684 et
1235 1646 1303 1684 esus
1322 1639 1352 1682 et

174 1719 328 1766 contaetus
350 1716 388 1778 et,
398 1713 508 1765 oblatio
536 1714 767 1782 prohibebantur
796 1715 824 1767 in
847 1714 911 1782 lege
930 1714 1033 1780 reteri,
1054 1714 1233 1766 notabantur
1253 1711 1350 1778 irnpri-
1399 1733 1401 1737 ⁷

175 1791 245 1854 mis:
272 1792 356 1844 unde
384 1791 470 1845 Isaiae
495 1793 539 1846 65.
564 1809 682 1846 carnem
708 1793 827 1846 suillam
853 1794 1039 1847 comedentes
1065 1794 1258 1846 conserantur
1282 1806 1350 1843 rium

177 1871 320 1926 idolorum
340 1871 516 1938 cultoribus
531 1879 560 1927 et
573 1874 610 1927 iis
623 1874 674 1942 riui
688 1877 750 1927 arte
763 1874 982 1927 necromantica
996 1873 1143 1926 alternones
1157 1872 1353 1925 consulebant

176 1953 202 2006 in
222 1952 412 2022 sepulchris3
435 1953 562 2022 legimus
581 1954 659 2007 enim
680 1970 708 2007 v.
730 1954 756 2006 3.
778 1963 807 2006 et
833 1955 861 2007 l:
884 1955 1014 2022 l’opalas
1033 1953 1086 2022 qai
1104 1954 1144 2005 ad
1164 1952 1351 2004 irrreamlr'om

172 2034 310 2100 taeterrimi
337 2049 383 2086 me
411 2035 480 2085 orire.
506 2033 613 2100 socie-m
638 2049 734 2086 mirarar-
753 2050 885 2102 semprou·
906 2034 958 2102 (μή
978 2034 1132 2086 r'rrtrrroleat
1152 2032 1180 2084 in
1202 2032 1302 2094 boelis,
1326 2032 1352 2080 et

175 2113 346 2182 xrrcrifieam
363 2129 455 2182 solymi·
472 2115 594 2166 lateres:
614 2114 666 2184 qai
685 2115 818 2167 berritem
839 2114 867 2166 im
889 2113 1050 2182 samaledm's
1069 2116 1094 2164 et
1108 2114 1137 2165 iri
1153 2112 1280 2166 delubris
1294 2111 1353 2164 aar·

177 2195 272 2246 lorum
294 2193 470 2246 dormiant:
489 2193 542 2262 qai
560 2196 716 2247 corruebat!
733 2211 850 2247 carme-m
870 2195 1002 2258 seillam,
1023 2197 1049 2245 et
1061 2195 1117 2260 jas
1132 2193 1297 2261 Jmosirmam
1320 2191 1354 2243 im

177 2273 254 2326 raaia
272 2289 385 2327 eorurrr.
408 2273 445 2327 Et
463 2289 492 2327 v.
514 2273 557 2327 it.
579 2275 684 2343 capitis
703 2277 855 2342 sequentis
878 2275 1064 2328 comedentes
1089 2287 1207 2327 carnem
1233 2272 1352 2326 suillam

175 2353 383 2407 assimilantur
402 2353 439 2406 iis
458 2355 509 2422 qui
528 2355 621 2408 edunt
641 2355 888 2408 abominationem
915 2360 944 2408 et
963 2371 1080 2408 mures:
1100 2354 1153 2423 qai
1170 2353 1354 2406 comedebant

174 2449 297 2486 eorrrem
316 2433 438 2486 siciliam
459 2437 485 2486 et
503 2435 749 2488 oberrrimrtiorrem
767 2437 793 2484 et
808 2451 930 2488 nitri-em.
946 2435 1019 2488 lude
1032 2441 1075 2487 est
1089 2434 1167 2502 quod
1182 2433 1354 2486 dutlaeorum

177 2515 277 2568 hostes
306 2520 499 2582 sumpserunt
526 2515 708 2568 occasionem
730 2523 782 2568 ant
800 2531 849 2566 eos
869 2515 974 2568 aeriter
993 2514 1199 2582 persequendi,
1220 2521 1271 2565 ant
1290 2527 1354 2579 pro-

178 2607 261 2648 terre
282 2593 447 2647 deridendi.
469 2591 518 2647 Sie
537 2595 702 2648 Antiochus
730 2603 884 2663 postquam
906 2596 934 2646 ia
955 2595 1019 2663 ipso
1038 2594 1290 2661 ..lerosolymorum
1310 2607 1354 2642 sa-

178 2676 275 2728 crario
295 2674 441 2743 sacrilege
461 2682 617 2728 mactasset
636 2691 704 2728 sues
718 2691 770 2743 per
782 2676 950 2728 universam
967 2674 1203 2738 dudaamjnssit
1217 2671 1355 2723 aeditieari

178 2769 245 2808 aras
264 2759 296 2808 et
314 2754 346 2807 in
366 2755 409 2807 eis
436 2755 579 2807 immolari
606 2771 709 2808 carnes
729 2756 843 2822 suillas,
864 2762 896 2808 ut
918 2756 1041 2807 retertur
1060 2756 1085 2806 1.
1108 2753 1353 2808 blaelmlmerum,

179 2849 244 2903 cap.
268 2837 294 2887 1.
315 2850 346 2886 v.
367 2833 460 2892 lillad
481 2851 546 2903 quae
566 2836 681 2904 irnpara
702 2842 731 2889 et
749 2839 872 2904 protana
891 2835 1032 2888 sacrificia
1054 2839 1134 2885 rnetu
1148 2832 1248 2883 mortis
1263 2831 1357 2882 inten-

181 2921 241 2968 tato
261 2913 385 2968 luda-os
405 2917 538 2982 cogebat.
562 2915 647 2968 l'ade
673 2917 765 2984 ipsius
792 2916 983 2968 immanitatis
1003 2923 1030 2966 et
1052 2913 1210 2981 irripietatis
1231 2909 1357 2962 ministri

180 2994 358 3048 Eleazarum
377 3010 471 3048 urium
493 2996 528 3048 de
541 2997 718 3064 primoribus
732 2997 905 3062 scribarum,
919 3003 953 3048 ut
966 2997 1002 3047 ab
1015 2996 1093 3047 avita
1110 2992 1252 3061 religione
1265 2990 1356 3042 alidu-

177 3080 292 3140 eerent‚
313 3074 531 3143 corripellebant
553 3091 670 3128 carnem
700 3077 850 3143 porcinam
877 3075 1065 3141 manducare,
1088 3073 1220 3125 llaelrab.
1242 3087 1306 3138 eap.
1327 3072 1354 3121 ti.

179 3171 206 3208 v.
231 3157 274 3208 lb.
296 3153 337 3208 rit
355 3163 488 3208 extrema
507 3171 633 3224 quaque
651 3158 697 3208 vir
718 3157 873 3225 religiosus
892 3170 1112 3225 gerrerosusque
1131 3167 1287 3221 perpessus
1301 3159 1356 3214 est,

180 3236 278 3302 notius
299 3250 389 3303 quam
410 3235 492 3304 impii
515 3239 590 3305 regis
611 3237 732 3306 perditis
752 3237 895 3289 ministris
915 3237 969 3288 lrac
991 3237 1020 3287 in
1041 3241 1121 3302 parte
1135 3235 1354 3300 obsequeretur.

181 3315 316 3368 Eleazari
336 3315 477 3368 virtutem
499 3317 603 3369 imitati
628 3325 738 3385 septem
773 3316 932 3368 llaelrobmi
952 3319 1064 3370 tratres,
1086 3330 1146 3367 tnta
1165 3327 1232 3365 cum
1254 3319 1356 3365 matre.

177 3395 282 3448 eadem
298 3394 336 3448 de
349 3410 442 3448 causa
455 3394 547 3448 multa
568 3402 712 3449 tormenta
735 3397 823 3463 passi,
836 3396 926 3448 vitam
951 3394 1089 3461 rnrtrtyrio
1103 3394 1355 3444 consummarunt.

236 3475 314 3527 lline
335 3479 380 3528 est
399 3475 478 3542 qued
495 3475 610 3528 l-lrhaiei
632 3481 723 3543 porta·
742 3476 862 3528 ..ludaos
876 3474 1005 3527 dicteriis
1020 3472 1178 3541 impetendi
1194 3477 1222 3523 et
1235 3471 1357 3523 subsan-

181 3555 276 3608 nandi
305 3570 407 3608 ansam
429 3555 627 3623 arripuerunt.
649 3556 806 3608 dia-enatis
826 3556 903 3606 enim
925 3559 1023 3622 satyra
1042 3554 1067 3605 ti.
1090 3552 1126 3604 de
1147 3552 1217 3620 ipsis
1237 3551 1358 3603 scribit:

402 3681 559 3732 illisce-reat
580 3680 628 3731 ubi
649 3697 724 3730 raeeo
741 3681 813 3747 pede
832 3680 948 3731 scitilaria
970 3694 1055 3745 reyes,

403 3761 440 3812 at
461 3763 540 3812 aetas
560 3760 692 3827 r'rtdrdyel
711 3761 827 3811 marilias
846 3758 996 3810 elementia
1015 3757 1119 3825 laets.

235 3879 273 3932 Et
293 3883 394 3944 satyra
415 3877 457 3929 li.

401 4000 453 4053 Χῖ(
472 4003 578 4068 proter·
597 4002 684 4053 ardes
703 4003 729 4051 et
747 4000 810 4053 reali
830 4014 937 4051 ituraea
958 3999 1093 4056 (retondat,

402 4082 461 4134 aar
480 4081 589 4133 elisiere,
607 4083 716 4149 proterat
734 4083 868 4132 leoniana
888 4095 974 4130 terrae
992 4078 1123 4130 siciliam.

238 4199 278 4254 Et
307 4198 387 4266 apud
417 4197 609 4254 llacrobirnn.
631 4198 681 4250 lib.
703 4196 728 4249 2.
751 4194 964 4260 Saturrialium,
986 4210 1049 4261 cap.
1079 4194 1100 4260 l,
1132 4199 1256 4245 retertur
1284 4193 1361 4259 equod

184 4281 345 4350 Augustus
373 4293 441 4330 err-m
469 4277 610 4329 arrrlir'saet
630 4278 706 4329 inter·
721 4294 837 4345 pueros,
859 4292 930 4344 iseros
950 4275 1075 4326 llerodes
1097 4274 1158 4325 Iler*
1176 4273 1362 4328 dariam-am.

185 4359 272 4426 insta
291 4357 437 4410 bimatum
452 4357 545 4422 jessit
565 4355 698 4425 interfici,
720 4356 815 4424 sitirem
837 4371 949 4424 otioque
962 4356 1025 4420 eitra
1038 4353 1162 4405 ceresam.
1176 4351 1238 4403 erit:
1258 4351 1364 4403 melias

185 4441 230 4490 eat
248 4437 375 4491 Herodis
393 4453 452 4489 esse
467 4453 601 4504 porcam,
622 4453 713 4505 ortam
732 4435 830 4503 filiam
843 4450 853 4490 .·
875 4451 941 4488 eum
965 4433 1078 4486 seilicet
1103 4430 1271 4500 suggillans
1285 4430 1364 4499 (ruod

187 4519 285 4588 porcis
305 4521 448 4586 parceret,
470 4517 521 4585 qui
551 4518 666 4586 proprio
694 4515 755 4568 tilio
781 4532 839 4568 non
860 4523 1038 4584 pepercerat.
1059 4513 1198 4566 lliserunt
1217 4517 1315 4564 tamen
1336 4517 1366 4563 et

188 4597 277 4652 nihili
296 4599 432 4650 fecerunt
451 4597 503 4651 hos
522 4597 710 4666 profanorum
731 4597 883 4649 bominum
904 4609 1066 4648 sarcasmos
1085 4594 1140 4645 sibi
1160 4591 1274 4645 traditio
1290 4591 1366 4658 legis

191 4691 338 4732 memores
357 4675 465 4730 Judaei.
486 4676 614 4732 Proinde
642 4693 710 4731 cum
738 4693 756 4729 a
775 4676 933 4745 tyrannide
951 4673 1089 4728 Antiochi
1111 4671 1253 4740 respirare.
1272 4684 1366 4737 coepe.-

246 4783 377 4834 rmm
398 4781 488 4833 Πυθοῖ.
505 4783 582 4833 Tam.
600 4783 643 4832 Vl.
1277 4775 1307 4822 lb
