3075 5417
318 641 363 688 DE
386 640 625 690 NECESSITATE
650 641 794 690 GRATIAE
813 643 1098 691 ebertramnum
1116 643 1227 691 eitun.
1296 624 1362 691 127

176 766 222 816 esi
242 763 272 815 ia
293 762 460 816 bonualdus
479 763 607 816 charitas
617 763 681 822 Dei,
694 766 720 818 ct
731 764 874 834 prosilui,
887 764 946 818 uisi
958 781 995 818 cx
1008 765 1070 833 ipso
1084 765 1164 818 Deo?
1178 783 1246 817 riam
1262 765 1288 819 si
1301 782 1360 818 riou

178 847 225 898 est
241 858 279 896 eo:
298 842 367 906 Deo,
388 843 438 897 sed
466 859 502 898 cx
530 843 707 904 horninibus,
732 844 862 898 cicerrmi
883 845 1053 913 l’eldyr'uni:
1072 845 1098 898 si
1116 847 1215 898 <rectem
1234 863 1271 898 ca*
1290 845 1359 909 Deo,

180 924 307 978 cicinum
335 923 524 990 Pelopidam:
545 938 615 993 ergo
635 940 671 977 ex
691 921 720 976 S.
742 923 913 993 Augustino
939 925 1042 978 nullus
1072 929 1116 978 est
1135 940 1216 978 amor
1236 926 1290 979 ilci
1310 942 1360 979 na·

181 1004 297 1060 turalis.
319 1033 355 1042 -
373 1007 463 1071 Nego
481 1006 741 1070 consequentiam,
759 1010 789 1058 et
802 1004 839 1058 ad
852 1020 954 1058 omnes
969 1005 1036 1058 illos
1051 1005 1185 1072 praetatos
1204 1011 1361 1060 contextus

179 1086 247 1139 dico
268 1082 297 1137 S.
322 1083 523 1152 Augustiuum
539 1083 612 1136 nihil
628 1083 710 1137 aliud
737 1085 900 1151 intendere,
924 1100 1013 1153 quam
1031 1100 1148 1137 omnem
1161 1084 1217 1138 Dei
1231 1101 1360 1138 amorem

179 1165 395 1220 conducentem
411 1164 598 1228 adsalutem,
618 1164 739 1216 nonnisi
754 1164 817 1218 Deo
831 1167 1000 1218 conserente
1012 1165 1051 1218 'et
1064 1164 1237 1233 inspirante,
1259 1166 1359 1218 haberi

180 1261 276 1316 posse,
299 1245 337 1296 ibi
358 1244 437 1297 enim
457 1244 552 1296 solum
574 1244 636 1312 agit
655 1243 692 1296 do
711 1260 810 1298 amore
829 1245 963 1311 salutari,
991 1251 1025 1298 ut
1047 1244 1188 1312 colligere
1215 1251 1269 1310 est,
1296 1248 1360 1298 tum

179 1325 250 1396 quia
274 1325 311 1378 do
324 1324 391 1376 aliis
410 1325 554 1377 virtutum
574 1324 700 1391 actibus
712 1325 749 1377 ad
763 1340 838 1392 quos
851 1326 977 1394 gratiam
991 1324 1187 1378 auxiliantem
1202 1325 1358 1392 desiderat,

178 1421 298 1474 semper
315 1405 347 1456 in
366 1419 400 1457 ea
419 1403 592 1471 acceptione
611 1410 714 1458 contra
734 1404 910 1473 Pelagianos
926 1404 1084 1471 dissentit3
1099 1404 1143 1456 illi
1158 1420 1286 1473 namque
1300 1421 1359 1458 nou

178 1488 239 1540 alio
259 1500 350 1538 sensu
368 1485 513 1538 virtutum
534 1493 618 1537 actus
637 1485 707 1538 solis
728 1490 841 1539 naturre
854 1486 968 1538 viribus
984 1485 1164 1550 tribuebant,
1179 1500 1267 1551 quam
1281 1486 1359 1539 salu·

178 1573 269 1630 tures,
281 1571 310 1619 et
325 1565 487 1617 meritorios
507 1565 576 1617 uta
596 1570 729 1618 aeterna:
751 1580 821 1634 ergo
842 1564 934 1618 multo
955 1565 1050 1633 magis
1070 1579 1233 1618 sermonem
1248 1567 1360 1619 iaciens

178 1649 217 1701 dc
236 1660 335 1698 arnore
354 1644 570 1697 benevolentia
590 1644 709 1710 divina,
726 1646 777 1712 qui
797 1645 929 1698 omnium
950 1645 1183 1713 periectissimus
1196 1651 1250 1708 cst,
1263 1646 1359 1701 solum

178 1725 348 1781 censendus
368 1732 412 1777 est
432 1724 512 1790 loqui
536 1723 572 1776 de
597 1740 695 1778 umore
720 1725 863 1788 salutari3
885 1727 948 1777 tam
968 1723 1038 1793 quio
1069 1724 1221 1794 Pelagiuni
1242 1726 1360 1779 nullum

178 1809 369 1877 agnoverunt
396 1818 524 1856 arnorem
554 1803 610 1856 Ilei
633 1820 690 1856 rura
712 1806 872 1858 salutarem
898 1810 928 1858 et
953 1805 1146 1871 meritorium,
1167 1807 1360 1872 quantumvis

177 1887 251 1941 solis
270 1889 384 1938 naturae
410 1883 524 1936 viribus
553 1884 703 1950 elicitum3
725 1885 776 1938 sed
797 1900 913 1938 omnem
933 1885 1020 1938 etiam
1045 1884 1209 1938 naturalem
1229 1901 1359 1939 errrorem

178 1966 395 2036 profitebuntur
421 1963 592 2026 salutarem,
614 1964 723 2017 idcirco
742 1971 821 2018 totus
841 1964 1003 2034 Augustini
1028 1980 1133 2033 scopus
1152 1966 1209 2018 luit
1227 1966 1360 2020 stabilire

178 2046 385 2101 necessitatem
406 2044 507 2112 gratiae
531 2044 568 2096 ad
587 2059 703 2096 omnem
725 2051 824 2098 actum
846 2045 1004 2098 salutarem
1020 2051 1049 2098 et
1069 2046 1269 2101 meritorium:
1295 2048 1358 2098 tarn

177 2127 303 2195 deraque
323 2123 392 2192 quia
413 2121 442 2176 S.
455 2124 644 2193 Augustinus
664 2125 820 2178 dumtaxat
835 2141 998 2179 sermonem
1016 2126 1086 2179 iacit
1100 2125 1136 2177 de
1149 2141 1258 2192 amore,
1270 2142 1358 2193 quom

178 2207 333 2274 Scriptum
361 2219 443 2256 sacra
474 2204 676 2271 ‹ronuuondat3
708 2206 754 2257 liic
784 2210 882 2257 autem
911 2205 1149 2273 supernaturalis
1177 2212 1231 2271 est,
1258 2213 1359 2274 utpote

178 2288 293 2340 ducens
312 2285 349 2337 ad
370 2284 423 2336 llei
441 2285 672 2351 possessionem:
699 2285 780 2338 unde
808 2285 884 2337 ide-m
910 2284 1100 2355 Augustinus
1123 2286 1168 2337 ¹<ui
1194 2286 1287 2353 ipsius
1317 2288 1358 2340 in·

178 2375 302 2434 terpres,
317 2365 368 2416 lib.
391 2365 410 2416 l.
430 2365 535 2417 Carum
554 2364 725 2420 ,lollianam
739 2382 803 2432 cap.
821 2367 846 2416 εἰ.
863 2365 921 2417 ait:
940 2381 1032 2430 amor,
1054 2381 1112 2433 quo
1132 2367 1304 2433 pervenitur
1321 2366 1359 2419 ad

178 2448 287 2510 Deum,
314 2460 373 2498 uon
401 2451 445 2496 est
475 2444 532 2496 nisi
552 2460 569 2495 a
589 2444 650 2496 Deo
672 2444 767 2501 l'atre.
793 2444 966 2512 pertesum
988 2443 1136 2498 Christum
1158 2462 1224 2499 eum
1246 2444 1358 2513 Spiritu

178 2534 292 2580 sancto.

234 2605 392 2658 {anrunrm
413 2601 540 2656 Sam-tus
560 2603 747 2671 Augustinus
769 2607 940 2659 citarit-atem
961 2606 1090 2657 intusum
1109 2612 1137 2659 et
1160 2621 1287 2658 amorem
1303 2606 1357 2659 lle-i

178 2687 321 2740 continuo
351 2685 520 2751 reciprocat.
552 2685 724 2737 clmritatem
754 2686 901 2738 deliniens
930 2685 1024 2738 solum
1056 2700 1106 2752 per
1133 2701 1260 2737 aurorem
1293 2686 1357 2751 Dei,

178 2773 212 2820 ut
231 2770 347 2819 constat
365 2780 401 2817 ex
422 2763 562 2816 Serrnone
584 2765 624 2815 13.
646 2776 675 2816 et
696 2766 738 2818 15.
762 2765 804 2817 Ilr·
827 2765 915 2816 nutris
935 2764 1081 2832 .·lpostoli:
1101 2765 1228 2818 charitas
1259 2770 1357 2818 autem

178 2862 261 2900 amor
289 2845 522 2912 supernaturalis
552 2850 617 2896 est:
651 2861 720 2913 ergo
751 2846 867 2899 nullum
899 2845 990 2897 alium
1020 2851 1142 2896 sanctus
1170 2843 1358 2910 Augustinus

178 2926 311 2994 agnovit.
334 2954 367 2961 —
387 2927 578 2989 Respondeo.
599 2934 734 2978 salutum
755 2926 961 2994 Arrgustinnm
986 2924 1093 2976 ideirco
1113 2924 1284 2977 charitatem
1305 2940 1357 2992 per

178 3021 307 3058 amorem
329 3004 382 3055 Dei
404 3004 536 3069 (letinae,
550 3005 621 3070 unia
641 3021 746 3072 nempe
766 3022 834 3058 oum
856 3005 951 3057 solum
972 3005 1128 3057 dissereret
1147 3004 1183 3056 de
1203 3020 1301 3056 amore
1314 3020 1358 3057 sa-

179 3086 278 3139 lutari.
296 3101 353 3137 non
374 3084 577 3150 distinguebat
590 3099 716 3136 atriorem
732 3085 787 3137 Dei
807 3086 835 3137 in
851 3085 1025 3146 naturalem,
1041 3090 1071 3136 et
1084 3085 1356 3152 supernaturalium

176 3166 229 3218 sed
250 3166 345 3217 solum
365 3164 621 3230 supernaturalem
648 3166 885 3229 rmnmemlabat,
908 3165 959 3231 qui
980 3179 1081 3217 revera
1101 3182 1116 3215 a
1137 3164 1279 3217 (alteritate
1299 3181 1356 3217 nou

178 3245 383 3314 distinguitur,
406 3244 538 3308 adeoque
561 3245 662 3296 nrerito
683 3255 807 3311 possunt
828 3260 877 3313 per
898 3245 1024 3297 im'ieem
1049 3244 1175 3297 deliniri.

215 3331 360 3380 (inruens
380 3328 405 3376 23.
428 3324 457 3375 Si
480 3324 594 3376 bornus
615 3325 667 3376 Ilei
690 3331 786 3391 posset
818 3325 909 3376 ammi
933 3340 1030 3376 arnon·
1061 3325 1187 3377 naturali
1209 3333 1237 3376 et
1256 3341 1356 3393 super·

178 3406 318 3460 naturali.
340 3405 427 3457 <aiom
451 3405 558 3455 ueritas
580 3405 712 3456 revelans
735 3405 788 3456 Dei
813 3411 911 3473 posset
929 3404 1008 3458 ceredi
1029 3406 1086 3456 tide
1109 3406 1235 3457 naturali
1262 3417 1291 3458 et
1309 3422 1357 3458 su·

178 3484 371 3556 pernuturali.
392 3500 459 3536 cum
481 3484 518 3535 sit
539 3499 590 3550 par
611 3486 764 3551 ulriusmle
788 3487 875 3537 ratio:
898 3491 926 3536 at
945 3486 1053 3537 muita>¹
1076 3485 1127 3537 llei
1151 3485 1284 3538 revelans
1299 3501 1357 3538 non

178 3571 273 3633 potest
294 3564 372 3616 credi
394 3563 450 3613 tide
472 3564 616 3615 naturali:
637 3580 706 3631 ergo
729 3581 781 3616 nec
804 3565 919 3618 bonitas
938 3564 1029 3616 ornari
1050 3580 1148 3616 atrion*
1169 3565 1306 3617 naturali.
1323 3595 1357 3602 —

177 3647 267 3712 Nego
288 3646 453 3704 minorem;
481 3645 581 3710 primze
608 3661 735 3711 unumne
757 3646 875 3698 veritati
907 3645 1046 3697 revelanti
1078 3659 1233 3712 possumus
1259 3661 1357 3697 assen-

178 3726 238 3782 tiri.
260 3740 318 3776 non
339 3723 434 3775 solum
455 3739 578 3775 assensu
598 3725 827 3791 supmnaturali.
849 3725 1007 3778 sedetiam
1038 3723 1183 3789 naturali3
1213 3733 1241 3777 et
1263 3726 1358 3792 reipsa

179 3807 219 3858 ita
239 3804 443 3856 usscnuunun·
465 3804 592 3855 lcmatici
614 3805 760 3870 rin-storiis
777 3805 845 3855 lidei
862 3822 919 3857 non
934 3804 1129 3857 controversis
1142 3820 1159 3856 a
1172 3819 1203 3857 se
1217 3804 1352 3868 creditis;

177 3884 222 3937 illi
243 3898 371 3949 namque
392 3899 449 3933 non
472 3884 579 3934 lmlrent
601 3884 732 3934 habitum
754 3884 819 3935 lidei
843 3883 1107 3951 supernaturalem.
1129 3889 1162 3936 ut
1181 3883 1309 3936 diximus
1326 3886 1355 3935 iu

176 3971 304 4017 tractatu
325 3962 366 4013 Dr
382 3962 468 4013 fl'irlr.

232 4049 377 4095 (intumas
391 4044 417 4093 l.
440 4041 469 4093 si
485 4043 632 4108 possibilis
652 4059 733 4096 amor
746 4053 822 4096 essct
839 4044 890 4096 ilci
905 4043 1059 4109 naturalis,
1075 4049 1172 4112 posset
1192 4042 1242 4094 ille
1257 4043 1355 4095 haberi

176 4125 290 4190 ubsque
309 4123 405 4189 arsitia
426 4123 568 4175 lmlrituali
579 4123 781 4186 justilicanto:
799 4124 945 4191 sicpridom
957 4123 1023 4175 talis
1037 4124 1133 4191 gratia
1148 4128 1264 4175 nonest
1279 4124 1357 4189 prin·

176 4204 286 4271 cipiunt
309 4201 472 4254 elicitirum
494 4204 599 4255 alueris
634 4203 794 4256 naturalis:
816 4205 867 4255 sed
889 4219 1064 4271 carlsrqneas
1084 4212 1128 4255 cst
1148 4204 1265 4258 tals-mn.
1287 4204 1356 4270 quia

176 4284 201 4334 si
221 4287 317 4350 potest
336 4299 400 4334 esse
420 4297 500 4332 unior
521 4283 732 4335 lrmrm'olentia
768 4283 912 4336 naturalis
936 4284 1063 4336 bominis
1082 4282 1118 4334 ad
1140 4283 1245 4344 ileum,
1268 4283 1356 4335 etiam

176 4369 275 4431 posset
295 4373 431 4428 peccator
452 4363 481 4413 in
504 4371 622 4429 peccato
653 4379 774 4415 manens
802 4364 914 4416 anricus
938 4363 991 4414 l)ei
1014 4363 1092 4426 sieri,
1115 4363 1168 4415 hoe
1188 4368 1286 4415 autem
1308 4363 1357 4414 ab·

176 4443 300 4495 surdum
320 4451 381 4504 est;
403 4442 484 4494 Deus
504 4443 582 4493 mrim
605 4453 770 4509 peccatores
791 4458 849 4495 non
870 4443 980 4510 diligit,
1001 4443 1051 4495 sed
1066 4444 1132 4496 odio
1147 4443 1242 4496 bellet.
1259 4473 1293 4479 —-
1306 4444 1356 4493 Di·

175 4524 302 4588 stinguo
316 4524 480 4574 minorem:
503 4523 587 4573 lromo
602 4522 631 4574 iu
647 4533 765 4590 peccato
787 4538 910 4576 manens
929 4530 1006 4575 esset
1025 4524 1139 4576 anneus
1158 4521 1224 4586 Dei,
1250 4538 1356 4575 sccun-

176 4601 248 4655 dum
268 4602 350 4668 qiud,
371 4609 400 4654 et
421 4602 599 4669 irripertccte,
621 4607 768 4669 quatenus
790 4618 896 4670 nempe
916 4602 996 4654 Deus
1016 4602 1154 4672 diligeret
1172 4603 1286 4654 bonum
1305 4602 1358 4652 ali-

171 4680 253 4750 quod
275 4681 409 4734 nut-urale
428 4687 515 4748 prout
534 4689 578 4733 est
596 4689 709 4735 uaturtc
730 4689 845 4739 auctor.
866 4681 1016 4737 concedo:
1037 4683 1158 4736 amicus
1175 4682 1329 4749 perlecto,
1347 4683 1382 4727 eu
