3075 5417
557 587 606 632 an‘
632 585 766 634 enarra
791 585 963 636 cannara.
1286 571 1351 636 tae

173 708 323 772 accidens,
339 719 366 761 et
382 708 435 760 hac
458 707 569 760 ratione
582 707 719 760 rideatur
731 708 794 760 lieri
808 723 875 760 cum
889 708 988 775 aliqua
1003 708 1197 777 dependentia
1212 710 1348 775 subjecti,

172 789 204 842 iu
224 803 283 857 quo
305 788 454 856 recipitur,
476 798 574 841 tamen
594 795 692 856 posset
710 787 793 840 Deus
811 803 874 840 eam
896 788 1128 857 independenter
1139 791 1177 841 ab
1190 791 1268 841 omui
1283 790 1349 842 suh-

170 869 251 936 jecto
270 868 431 937 producere
457 875 486 921 et
510 882 700 933 conservare3
730 868 978 935 quemadmodum
1007 877 1162 922 conservat
1185 869 1349 922 accidentia

175 949 412 1017 independenter
430 949 467 1001 ab
486 948 567 1000 omni
586 948 729 1014 subjecto;
750 949 800 1001 sed
821 948 979 1001 dillicultas
998 953 1051 1012 est,
1072 965 1110 1001 an
1130 950 1226 1018 pratia
1244 965 1279 1001 ex
1301 964 1350 1000 na-

171 1035 240 1082 tura
268 1043 321 1081 sua
351 1029 481 1096 postulet
509 1029 607 1096 potius
635 1029 727 1081 creari
747 1043 783 1082 cx
805 1028 908 1082 nihilo.
929 1044 1017 1096 quam
1043 1029 1128 1081 educi
1152 1029 1187 1080 de
1207 1029 1347 1094 subiecto.

173 1107 259 1161 Circe
287 1123 376 1176 quam
406 1108 599 1174 questionem
629 1108 736 1176 triplex
756 1119 800 1161 est
819 1109 980 1162 sententia:
1003 1109 1104 1177 prime
1131 1108 1349 1160 'l'homistarum

173 1189 344 1241 docentium
364 1188 490 1256 gratiam
510 1188 596 1241 educi
617 1187 653 1239 de
673 1189 803 1255 potentia
823 1190 945 1240 anima:
965 1190 1091 1241 see-tende
1112 1204 1181 1241 rere
1205 1187 1349 1240 Paludani

177 1268 383 1326 Fortunensis,
405 1277 433 1321 et
453 1267 526 1332 Soti,
547 1274 576 1321 et
595 1267 720 1319 aliorunt
740 1270 934 1321 asserentium
954 1270 1078 1337 gratiam
1097 1268 1275 1321 habitualem
1291 1283 1348 1320 nou

170 1349 264 1402 creari
288 1348 438 1413 absolute,
466 1347 516 1400 sed
542 1349 691 1401 concreari
721 1348 757 1400 ad
787 1348 965 1400 ereptionem
995 1349 1121 1401 hominis
1146 1349 1235 1414 justi:
1266 1348 1348 1398 lei-lie

170 1443 241 1481 rere
261 1435 306 1482 est
324 1427 450 1481 Subtilis
469 1428 604 1481 Doctoris
623 1429 654 1480 iu
675 1431 699 1480 1.
721 1428 789 1481 dist.
814 1429 853 1480 li.
875 1445 903 1496 q.
924 1429 950 1480 6.
972 1443 1053 1482 ιιιιιιι.
1069 1429 1095 1482 e.
1110 1437 1140 1482 et
1154 1429 1182 1480 in
1197 1429 1222 1480 2.
1238 1429 1305 1480 dist.
1323 1427 1347 1479 i.

173 1523 256 1562 nunt.
282 1510 321 1560 ll.
344 1508 472 1560 trruximc
491 1522 561 1560 vero
581 1509 611 1560 in
630 1512 656 1560 «l.
679 1508 745 1561 dist.
768 1509 793 1560 1.
815 1517 918 1575 quaest.
934 1510 959 1560 -l.
974 1517 1004 1561 et
1016 1509 1041 1561 ιἰ.
1057 1524 1172 1562 necnon
1189 1518 1218 1561 ct·
1231 1507 1350 1560 Alensis

169 1589 195 1640 2.
219 1595 293 1657 pert.
315 1598 420 1655 quast.
442 1591 467 1641 ll.
489 1596 518 1641 et
537 1586 566 1640 S.
590 1588 804 1641 liettarenturae
827 1589 855 1640 in
876 1589 900 1641 2.
922 1589 989 1641 dist.
1011 1589 1054 1641 filli.
1076 1602 1128 1641 art.
1153 1591 1176 1641 l.
1198 1605 1226 1656 q.
1242 1589 1267 1639 ⁴2.
1283 1602 1350 1654 quac

173 1670 321 1722 sententia
341 1678 442 1737 utpote
462 1670 567 1733 verior,
588 1681 617 1721 et
637 1670 736 1728 tutior.
756 1678 789 1721 ut
809 1669 976 1721 evidentius
995 1679 1143 1738 appareat,
1164 1670 1202 1721 sit

200 1819 205 1824 ¹
226 1827 458 1886 Conclusio
479 1827 616 1883 unica.
631 1858 666 1866 —
679 1826 804 1881 GhA'l‘la
825 1843 1049 1881 saserrrrraxs
1070 1844 1268 1884 rutrratjrrtt:
1289 1845 1349 1882 run

172 1924 279 1962 t'nuan
302 1924 341 1961 nr
363 1924 500 1961 emortus
522 1923 639 1962 meran
661 1924 875 1961 carrariaseu.

223 1992 376 2041 Probatur
396 1991 420 2040 l.
442 2005 481 2039 ex
500 1990 656 2054 Scriptura
677 2005 772 2041 sacre.
793 2003 858 2054 que
881 1990 997 2055 quoties
1015 1989 1118 2058 gratiae
1145 1991 1346 2058 productionis

173 2069 318 2124 meminit.
340 2069 425 2122 toties
444 2083 508 2120 eam
529 2070 620 2120 creari
641 2069 780 2121 declarat.
802 2065 850 2119 Sic.
873 2068 948 2121 l'sal.
970 2069 1013 2121 t'tll.
1038 2069 1092 2122 tlte
1112 2071 1257 2122 latroniane
1284 2087 1348 2120 eree

173 2150 203 2202 ia
224 2165 279 2206 rue.
303 2149 391 2200 lla-es.
408 2149 444 2201 lit
458 2147 616 2216 Apostolus
630 2149 666 2200 ad
682 2147 746 2200 llal.
763 2152 788 2199 li.
806 2149 952 2201 hominem
968 2149 1083 2215 justum
1100 2150 1230 2217 appellat
1244 2165 1348 2200 trorum

171 2231 348 2280 ‹reaturo-nt.
373 2228 407 2280 Et
426 2229 464 2279 ud
485 2228 590 2295 Ephes.
613 2228 638 2280 2.
660 2228 760 2278 lideles
787 2228 927 2280 dicuntur
951 2227 1039 2280 ereeli
1061 2228 1090 2279 in
1120 2229 1234 2279 Clo-islo
1259 2230 1351 2284 Jesn:

170 2317 200 2361 et
223 2322 287 2375 cap.
308 2309 334 2360 -l.
356 2323 404 2359 eos
425 2317 524 2360 mouet
542 2307 663 2360 iratae-e
692 2324 796 2359 recreata
825 2307 981 2362 ltetoineni.
1003 2309 1054 2377 qni
1072 2310 1234 2361 see-ennium
1255 2308 1351 2360 Demo

171 2390 285 2440 ‹ereatae
304 2389 344 2439 esi
364 2387 393 2439 in
409 2387 541 2452 justitia,
562 2389 588 2435 el
607 2387 759 2438 aeria-litere
781 2387 919 2438 raritatis:
939 2389 989 2455 qui
1010 2403 1111 2441 omnes
1134 2396 1230 2441 textus
1251 2403 1349 2440 reram

174 2483 233 2519 uon
254 2467 396 2520 haherent-
416 2467 663 2534 stenimatioaem
683 2468 706 2519 si
733 2469 828 2534 pratia
858 2482 916 2520 non
944 2478 1093 2520 crearetur
1121 2469 1251 2536 proprie:
1281 2483 1350 2536 ergo

174 2563 276 2600 revera
295 2549 386 2599 creari
408 2547 532 2599 dicenda
552 2558 605 2599 est.
908 2553 910 2559 '

229 2627 400 2679 iterentur
422 2626 606 2682 Tnonrsrn,
626 2627 751 2694 gratiam
781 2626 838 2679 diei
868 2628 971 2692 creari,
998 2643 1057 2679 non
1086 2628 1156 2693 quia
1185 2628 1349 2680 seeundum

177 2721 265 2759 suunt
294 2722 357 2759 esse
386 2706 522 2759 naturale
541 2715 570 2759 et
590 2707 744 2774 physicum
776 2706 946 2774 producitur
965 2722 1001 2758 ex
1022 2707 1124 2771 nihilo,
1151 2707 1228 2774 quod
1258 2708 1351 2774 requi·

178 2788 252 2838 ritur
265 2786 302 2837 ad
317 2787 458 2838 rationem
480 2787 614 2853 perlecta
629 2787 801 2846 creationis;
824 2787 875 2838 sed
889 2788 960 2853 quia
973 2786 1141 2838 inl'unditur
1152 2802 1170 2838 a
1186 2786 1245 2836 lieo
1259 2787 1351 2839 inillis

175 2867 282 2918 nostris
305 2866 417 2918 meritis
443 2865 688 2933 praecedentibus,
716 2865 792 2932 quod
824 2866 910 2918 habet
939 2865 1095 2933 qnamdam
1125 2866 1350 2918 sirnilitudiuem

172 2962 241 2999 curn
262 2947 419 3000 ιτιιιιιιῑιιιιι·ι
442 2953 595 3013 potestque
614 2946 722 2998 creatio
744 2946 861 2997 moralis
880 2946 1033 3014 appellari.
1057 2946 1241 3012 lilirrfiriaenl
1261 2962 1295 2997 ex
1317 2960 1351 2998 eo

170 3026 249 3094 quod
269 3027 298 3078 iu
320 3025 473 3092 Scriptura
503 3025 587 3077 homo
613 3025 714 3088 justus
742 3025 858 3078 dieatur
885 3025 1080 3093 pergratiam
1100 3025 1352 3094 generari‚jnxtu

173 3105 249 3157 illud
270 3105 354 3157 Pauli
377 3106 476 3172 prinae
495 3105 533 3157 ad
553 3103 683 3157 Corinth.
705 3106 730 3156 l.
754 3106 922 3157 lausia-isle
940 3106 1011 3156 desit
1030 3123 1083 3173 per
1098 3106 1288 3172 Herophilum
1303 3123 1352 3172 epo

167 3201 220 3236 een
237 3186 335 3251 pereni.
361 3184 396 3236 lit
416 3186 494 3238 istud
514 3186 615 3252 prirnte
638 3185 713 3238 l'etri
734 3186 759 3236 2.
782 3185 862 3236 nia-al
886 3187 968 3236 raam
984 3185 1075 3252 pern'li
1088 3184 1235 3250 infantes:
1256 3186 1352 3238 omnis

173 3272 274 3318 autem
294 3266 455 3333 generatio,
478 3265 596 3332 dempta
616 3265 755 3316 humanu.
771 3267 803 3317 lit
816 3282 866 3332 per
882 3269 980 3316 lhrmte
994 3265 1191 3322 eductionem.
1211 3281 1267 3316 non
1283 3281 1352 3318 rero

173 3333 226 3412 pe'r
244 3345 438 3397 creationem:
468 3344 654 3410 subindeque
682 3346 769 3397 etiarn
792 3346 821 3395 iu
843 3343 994 3411 Scriptura
1023 3360 1106 3396 sacra
1128 3346 1224 3413 gratia
1243 3345 1352 3397 dicium

171 3426 269 3477 educi.
286 3426 453 3484 -contra,
470 3425 560 3476 rerba
573 3421 731 3490 Scriptura
751 3425 949 3492 intelligenda
969 3433 1039 3478 sunt
1057 3424 1210 3478 secundun
1232 3440 1350 3478 sensum

172 3505 339 3568 litteralem,
361 3515 392 3557 nt
414 3504 521 3571 plurihi
543 3505 626 3557 docet
647 3501 675 3555 S.
700 3504 898 3572 Augustinus.
919 3504 1038 3571 quando
1067 3505 1149 3556 nulla
1175 3505 1283 3558 exinde
1303 3520 1351 3573 ap·

170 3591 254 3653 paret
275 3584 481 3652 repugnantia,
500 3600 554 3635 nee
574 3584 686 3650 alitptid
707 3594 806 3636 eontra
829 3585 966 3651 pietatem
988 3592 1016 3636 et
1035 3584 1188 3637 veritatem
1208 3585 1351 3652 emergit:

174 3666 226 3720 sed
253 3664 331 3732 qnod
361 3664 473 3731 prelati
503 3662 661 3730 Scriptura·
692 3675 790 3716 textus
820 3662 1026 3730 intelligantur
1044 3664 1079 3715 de
1099 3679 1167 3716 vera
1192 3666 1350 3730 creatione,

137 3789 140 3796 .
170 3745 245 3799 nihil
277 3745 380 3796 rationi
417 3760 471 3796 nec
504 3744 618 3795 veritati
646 3755 698 3795 aut
739 3744 837 3809 pietati
884 3758 1052 3811 repugnans
1081 3745 1222 3810 ernergit:
1252 3745 1352 3797 subin-

173 3825 270 3892 deque
289 3825 325 3876 dc
345 3840 415 3875 reru
442 3824 589 3876 creatione
619 3823 815 3889 intelligenda
842 3834 921 3876 sunt.
946 3823 1025 3874 .l‹l‹le
1051 3824 1128 3892 qerrtd
1156 3840 1256 3876 (rorum
1279 3825 1352 3878 ratio

171 3904 255 3957 nulla
285 3919 402 3970 prorsus
434 3905 490 3968 sit3
525 3903 670 3970 siquidem
704 3913 796 3970 potest
828 3905 913 3954 homo
946 3909 1081 3970 peccator
1111 3915 1218 3956 rentote
1248 3905 1351 3956 saltem

171 4001 235 4037 sese
255 3983 410 4050 disponere
429 3983 466 4034 ad
485 3983 610 4050 gratiam
640 3983 820 4035 habitualem
849 3982 1057 4050 recipiendam,
1078 3993 1107 4034 et
1126 3983 1207 4034 illam
1228 3983 1264 4033 de
1284 3999 1352 4035 con·

170 4079 245 4133 grue
266 4064 380 4116 utereri.
401 4062 534 4129 adeoque
563 4063 696 4114 absolute
723 4077 780 4113 non
803 4065 833 4114 tit
853 4078 888 4114 ex
911 4061 993 4113 milla
1022 4063 1131 4129 precria
1161 4063 1354 4130 dispositione

171 4144 284 4195 morali.
309 4145 433 4208 ipseper
452 4143 619 4194 ιοιιιειιιίιιιιῑΙ
640 4142 663 4192 T
668 4143 800 4194 hornista·
830 4142 932 4209 gratia·
961 4141 1120 4193 habitualis
1148 4142 1261 4194 nullam
1287 4157 1353 4196 esse

170 4239 290 4276 cattsatn
312 4222 468 4273 rnorulern:
499 4237 569 4288 (erpa
592 4223 686 4273 inulto
709 4223 802 4288 magis
822 4221 976 4274 admittere
996 4221 1103 4274 elehem
1123 4222 1237 4275 nullam
1260 4223 1354 4290 ipsius

170 4318 235 4355 resse
254 4318 374 4354 causant
396 4302 558 4368 plpsieann
582 4302 824 4360 interrumperet
844 4301 1057 4364 subiectirutrt;
1084 4303 1229 4370 siquidem
1251 4319 1352 4356 eausa

170 4383 240 4435 litas
260 4382 381 4449 physiea
409 4396 460 4448 per
489 4381 607 4432 modum
629 4383 757 4433 materia·
780 4382 866 4449 longe
898 4381 990 4447 major
1017 4395 1071 4444 est,
1099 4398 1186 4450 quam
1219 4383 1352 4435 ntornlis:

169 4477 242 4528 ergo
262 4463 285 4512 si
308 4462 368 4512 leee
389 4462 491 4526 gratia·
523 4461 708 4527 productioni
738 4461 911 4529 denegetur,
932 4471 965 4514 nt
985 4461 1037 4513 illa
1064 4477 1168 4529 purum
1199 4469 1355 4515 censeatur

171 4542 227 4594 Dei
250 4542 438 4601 penetremur,
460 4541 563 4608 potiori
580 4540 648 4606 jure
669 4541 808 4610 denegari
829 4540 915 4593 dehet
940 4542 1099 4594 causalitas
1124 4543 1354 4608 subjectivum

171 4636 281 4688 nempe
302 4622 404 4688 gratia¹
426 4621 579 4688 productio
598 4629 627 4671 et
645 4621 764 4674 collatio
785 4623 813 4674 in
834 4621 925 4674 solam
947 4621 1000 4673 het
1018 4622 1225 4676 liberalitatem
1250 4631 1281 4672 et
1306 4629 1359 4670 qq,
