3075 5417
443 600 487 647 uu
512 601 627 648 eausa
652 600 858 648 urrroruurn
882 601 1035 650 asama.
1262 587 1326 651 itu

142 722 281 792 producit
300 723 427 774 calorem
446 729 480 775 ut
498 727 573 780 ecto.
595 730 624 775 ct
644 722 673 775 in
694 725 827 791 proximo
846 725 939 792 gradu
967 726 1004 777 ad
1031 727 1151 778 lornmrn
1175 726 1253 794 ignis
1276 741 1324 779 su·

142 802 344 871 scipicndam.
375 802 507 854 eamdem
538 803 616 870 ignis
645 804 767 856 t'ornmm
798 804 941 872 producit.
964 805 1065 856 illinor
1089 820 1150 858 roro
1166 806 1324 874 prematur:

145 884 231 934 lromo
251 882 453 949 principaliter
471 882 553 934 elicit
572 891 655 935 atus
675 885 870 936 contritionis.
892 891 921 937 et
940 885 1108 937 charitatis:
1130 885 1180 936 sed
1197 885 1238 936 illi
1255 891 1325 938 sunt

144 962 256 1015 ultirna·
277 963 483 1030 dispositionis
502 962 539 1015 ad
559 964 700 1030 gratiam:
728 979 809 1030 ergo,
830 975 885 1016 etc.
907 994 942 1001 -
962 967 1142 1029 Respoudco
1161 967 1259 1030 primo
1279 965 1322 1016 di-

142 1042 332 1110 stinguemdo
352 1044 503 1108 anijmaaa:
523 1057 626 1109 aperis,
647 1043 725 1109 quod
746 1042 880 1095 ultimam
901 1044 1122 1111 dispositionem
1137 1045 1173 1095 ad
1189 1044 1319 1111 aliquam

144 1127 264 1174 termam
286 1122 490 1189 principaliter
504 1122 647 1190 producit,
664 1124 756 1191 ipsam
772 1139 890 1192 quoque
903 1127 1026 1176 tonnam
1041 1124 1201 1191 produce-ro
1216 1132 1322 1192 potest,

141 1202 262 1269 quando
282 1202 334 1253 illa
353 1201 489 1254 educitur
507 1202 544 1253 de
563 1203 694 1270 potentia
713 1204 838 1268 subjecti
860 1204 1014 1269 naturalis,
1035 1204 1178 1256 concedo:
1199 1205 1318 1272 quamlo

141 1281 279 1334 educitur
297 1281 333 1332 de
354 1283 483 1348 potentia
503 1282 567 1346 ejus
587 1283 787 1336 obedientiali.
810 1299 895 1351 nego.
918 1282 991 1335 (lum
1012 1285 1090 1336 enim
1111 1284 1242 1351 potentia
1255 1284 1322 1336 obe-

141 1360 292 1414 dientialis
321 1361 375 1414 soli
395 1361 458 1414 Deo
485 1363 670 1428 subjiciatur,
692 1379 745 1414 nec
768 1363 859 1416 ullius
885 1368 1026 1416 creaturae
1055 1363 1185 1416 dominio
1213 1365 1319 1430 subsit,

141 1455 327 1508 consequens
346 1448 399 1500 est,
420 1442 499 1508 quod
519 1441 603 1494 nulla
622 1448 756 1495 ereatura
784 1443 874 1510 possit
901 1443 1021 1494 lerinam
1047 1443 1128 1495 illam
1149 1443 1320 1511 producere,

140 1521 165 1571 si
187 1520 236 1571 illa
258 1536 359 1572 revera
378 1521 536 1574 educatur:
568 1522 660 1574 multo
690 1523 788 1574 minus
817 1523 936 1590 quando
965 1523 1017 1575 illa
1040 1531 1166 1582 creatur,
1188 1523 1266 1576 sicut
1285 1523 1322 1574 ‹le

142 1607 218 1652 laeto
246 1606 363 1652 creatur
389 1602 484 1669 gratia
513 1602 713 1666 sanctificans,
734 1611 768 1654 ut
788 1618 854 1655 mox
875 1603 1072 1670 probabimus.
1098 1603 1263 1670 llrspoacleo
1281 1619 1321 1652 se-

140 1680 237 1731 emnlo
258 1682 396 1744 mqjorom
416 1695 480 1732 esse
500 1696 598 1733 reram
626 1682 745 1749 qnando
778 1683 870 1734 tonna
889 1682 1062 1749 productiva
1082 1682 1216 1750 sequitur
1236 1688 1320 1735 natu·

140 1759 241 1813 ralitor
260 1766 288 1812 et
309 1762 473 1813 necessario
485 1761 522 1813 ad
537 1762 758 1829 productionem
774 1762 886 1814 ult-inne
901 1762 1119 1831 dispositionis3
1140 1779 1226 1816 secus
1252 1778 1321 1814 vcro

139 1840 260 1905 quando
279 1847 384 1908 practer
403 1841 576 1907 positionem
596 1841 709 1893 ultima:
730 1841 932 1908 dispositionis
953 1842 1113 1909 requiritur
1131 1841 1233 1908 aliqua
1253 1857 1321 1894 con·

139 1919 212 1973 ditio
225 1936 262 1971 ex
275 1928 357 1987 parte
370 1920 486 1988 agentis
502 1921 672 1982 extrinseci,
684 1936 774 1988 quam
790 1936 911 1973 causare
925 1922 1029 1988 nequit
1042 1921 1103 1986 illc,
1118 1922 1168 1989 qui
1184 1921 1319 1975 ultimam

138 1999 361 2066 dispositionem
382 2000 556 2053 introducit:
576 2000 628 2052 sed
649 2001 689 2052 ita
707 2007 752 2052 est
772 2002 802 2052 in
822 2000 976 2067 praesenti3
1005 2016 1072 2053 nram
1096 2005 1202 2068 practer
1220 2007 1319 2053 actum

138 2079 291 2131 eharitatis
316 2085 345 2131 et
369 2079 565 2138 contritionis,
587 2080 638 2146 qui
662 2089 705 2132 ist
726 2080 879 2147 dispositio
898 2079 934 2131 ad
954 2081 1091 2148 gratiam,
1107 2080 1204 2132 adlrue
1226 2081 1319 2147 requi·

138 2158 213 2210 ritur
232 2175 268 2210 ex
289 2165 369 2226 parte
390 2159 442 2210 llei
463 2160 600 2226 specialis
629 2159 835 2212 berierolantia
869 2164 898 2212 et
928 2160 1092 2227 acceptatio
1111 2174 1145 2212 ac
1172 2160 1318 2211 condona·
1349 2212 1351 2216 ,

138 2240 189 2300 tio,
204 2254 262 2305 qna
276 2239 348 2291 velit
364 2246 516 2306 [iitceatum
538 2239 696 2303 remittere,
712 2245 740 2292 et
755 2239 903 2291 herniaem
924 2239 1006 2306 prius
1026 2239 1175 2292 intensum
1190 2239 1219 2291 in
1235 2254 1318 2291 sumn

136 2318 298 2371 amIoitianr
318 2325 486 2386 acceptai·c;
507 2318 694 2385 subindeque
715 2318 766 2370 illa
787 2320 899 2385 peccati
933 2320 1065 2371 remissio
1084 2325 1113 2372 ct
1132 2320 1234 2387 gralia·
1255 2334 1320 2370 san-

136 2398 294 2450 ctiticantis
315 2397 432 2450 collatio
453 2413 512 2449 non
532 2398 666 2464 sequitur
685 2398 861 2451 naturaliter
892 2405 920 2450 et
951 2399 1117 2450 necessario
1141 2398 1317 2465 positionem

135 2477 250 2530 ult-imre
279 2478 489 2545 dispositionis,
511 2492 564 2529 seu
590 2487 673 2530 actus
702 2479 809 2530 ameris
835 2486 864 2531 et
889 2478 1088 2536 contritionis:
1120 2479 1197 2530 sicut
1226 2478 1316 2530 tonna

137 2557 216 2625 ignis
235 2558 369 2624 sequitur
388 2558 561 2624 positionem
582 2558 678 2610 octavi
698 2567 727 2610 ct
746 2558 844 2610 ultimi
865 2558 976 2626 gradus
995 2557 1115 2609 caloris:
1137 2557 1189 2610 scd
1203 2563 1318 2609 tanturn

134 2637 232 2704 gratia
251 2638 439 2690 sanctiticans
459 2638 593 2703 sequitur
618 2642 716 2689 actum
743 2637 905 2702 clmritatis,
926 2643 956 2690 et
974 2636 1160 2689 contritionis
1181 2652 1217 2687 ex
1239 2651 1318 2687 mero

137 2716 193 2768 l)ei
213 2716 396 2784 beneplacito
415 2724 445 2770 et
464 2715 633 2769 voluntaria
652 2716 716 2783 ejus
735 2717 949 2784 acceptatione.

190 2796 335 2850 l'luarcrns
355 2797 379 2848 tl.
402 2796 483 2849 Deus
503 2802 598 2864 potest
618 2796 779 2864 producere
802 2797 975 2863 qualitatem
1002 2800 1091 2849 tanta»
1117 2795 1316 2863 perlectionis,

134 2884 169 2930 ut
187 2890 223 2928 eu
241 2877 299 2928 rim
322 2877 427 2929 lrabeat
447 2876 628 2943 producendi
647 2877 773 2944 gratiam
805 2876 1025 2943 principaliter:
1056 2890 1126 2942 ergo
1150 2890 1249 2926 arcera
1269 2890 1318 2942 po-

134 2965 192 3010 test
206 2956 258 3009 illa
270 2956 364 3008 virtus
379 2955 468 3008 alicui
489 2965 631 3008 creatura
651 2961 826 3023 competere.
845 2957 989 3007 I’rolmtni·
1001 2954 1187 3006 attrei-alors.-
1207 2954 1230 3005 si
1246 2955 1318 3021 qnid

132 3038 263 3089 obstaret
282 3037 441 3103 quominus
461 3036 513 3086 illa
533 3035 661 3102 qualitas
675 3041 752 3088 essct
766 3035 968 3103 producibilis,
983 3034 1113 3086 araxime
1126 3034 1197 3102 quia
1210 3034 1316 3102 gratia,

132 3132 203 3169 oum
222 3117 261 3168 sit
280 3116 390 3167 ordinis
410 3115 656 3183 supernaturalis,
679 3116 801 3183 requirit
821 3130 952 3180 causam,
973 3104 1044 3182 qum'
1061 3114 1166 3166 habeat
1185 3129 1220 3166 ex
1244 3129 1275 3167 sc
1288 3123 1318 3166 et

134 3198 165 3247 in
186 3211 217 3249 se
235 3197 416 3248 activitatem
445 3196 565 3246 omnino
594 3196 868 3263 supernaturalem:
898 3194 949 3246 sed
976 3196 1037 3247 lnce
1058 3193 1153 3246 virtus
1173 3199 1317 3246 creatura:

133 3291 193 3328 non
215 3280 376 3342 repugnat3
408 3291 475 3326 nam
506 3275 606 3327 lumen
630 3274 732 3343 gloriae
759 3276 877 3342 propria
902 3275 1011 3327 virtute
1030 3280 1060 3327 et
1078 3274 1133 3325 sibi
1155 3273 1316 3326 intrinseca

132 3356 283 3407 hominem
303 3354 400 3407 olore
419 3355 456 3406 ad
476 3359 585 3407 statum
611 3359 879 3422 supernaturalem,
900 3362 928 3406 ct
948 3369 1015 3407 cum
1035 3368 1069 3407 eo
1089 3353 1260 3412 allicientur,
1281 3362 1315 3405 ut

129 3450 224 3487 eausa
243 3435 425 3501 principalis.
446 3435 595 3488 concurrit
608 3435 644 3486 ad
659 3442 758 3487 aetum
778 3435 901 3487 visionis
923 3433 987 3494 Dei,
1009 3434 1086 3486 sicut
1098 3440 1127 3486 et
1142 3433 1205 3501 ipsa
1218 3433 1315 3501 gratia

132 3514 293 3567 habitualis
307 3515 346 3566 ita
361 3514 509 3567 concurrit
522 3514 654 3567 adactus
667 3514 829 3567 rrieritorios
844 3513 1101 3581 supernaturales:
1115 3528 1196 3581 ergo,
1212 3520 1268 3564 etc.
1282 3542 1316 3549 —

130 3595 221 3660 Nego
239 3596 435 3645 antecedens:
462 3594 590 3660 qualitas
610 3594 688 3646 eadm
710 3594 772 3658 illa,
794 3601 845 3646 aut
864 3597 941 3645 esset
960 3593 1115 3661 perfectior
1133 3593 1240 3660 gratia,
1262 3601 1315 3643 aut
1386 3611 1390 3621 ·

130 3689 226 3740 acque,
247 3673 416 3725 autminus
437 3674 573 3739 parieta.
596 3673 628 3724 st·
650 3673 749 3724 vairans
767 3672 905 3740 per-liele,
923 3673 1001 3724 baud
1021 3673 1146 3724 dubium
1166 3677 1220 3736 est,
1236 3671 1315 3737 quod

128 3768 190 3805 non
211 3760 308 3820 posset
326 3753 452 3818 gratiam
474 3753 647 3820 producam
669 3769 759 3805 causa
779 3753 856 3805 crnm
880 3753 977 3805 minus
997 3755 1126 3820 perlecta
1140 3765 1200 3803 non
1215 3759 1311 3818 pot-est

129 3833 334 3901 principaliter
353 3833 514 3899 producere
533 3833 669 3885 ellectum
692 3834 924 3899 prrcstantiorcm
945 3847 994 3885 se:
1015 3832 1125 3898 quippe
1157 3844 1244 3882 nemo
1266 3831 1315 3881 dat

127 3912 210 3980 quod
230 3928 288 3964 non
310 3913 410 3964 liabet:
440 3913 626 3979 subindeque
649 3912 700 3964 illa
720 3928 811 3964 causa
841 3913 939 3965 :ninus
969 3912 1096 3979 perlecta
1126 3925 1185 3962 nou
1214 3915 1312 3977 posset

129 3992 212 4045 illam
233 3992 410 4044 endnentem
434 3992 639 4058 perlectionem
661 3993 789 4044 tribucre
804 3991 932 4056 etl'cctui,
947 4006 1035 4058 quam
1053 3991 1113 4057 ipsa
1135 4004 1193 4040 non
1215 3989 1312 4040 lraliet.

132 4073 195 4123 Non
217 4071 302 4122 eliani
328 4087 408 4138 ‹a‘lau
428 4071 566 4138 paseat:
588 4072 722 4138 alioquin
751 4072 841 4123 ctiam
870 4070 964 4138 gratia
995 4069 1185 4121 sanctificans
1214 4077 1310 4135 posset

128 4152 251 4204 alteram
281 4152 514 4203 sanctificantem
540 4152 665 4219 gratiam
694 4150 855 4218 producere
875 4149 1008 4215 eiusdem
1028 4148 1138 4217 gradus
1164 4152 1193 4200 et
1220 4149 1312 4214 perle-

126 4232 245 4296 ctionis,
267 4231 345 4297 quiid
365 4230 467 4283 rnillus
487 4230 625 4282 admittit.
649 4231 712 4281 ,l'on
734 4229 859 4296 dl'ltl'pltt’
877 4228 1040 4296 pta-poam,
1063 4242 1130 4280 nam
1150 4227 1247 4296 gratia
1267 4235 1311 4280 cst

129 4312 285 4379 perlectior
309 4311 438 4376 qualitas
463 4309 745 4377 supernaturalium,
767 4326 801 4360 ac
822 4308 1006 4360 nobilissima
1032 4307 1088 4359 Dei
1114 4306 1312 4375 participatio,

127 4389 314 4456 subindeque
334 4405 393 4441 non
413 4400 456 4441 cst
476 4389 682 4458 excogitamus
702 4389 803 4455 aliqua
822 4388 881 4440 alia
901 4387 1029 4455 qualitas
1049 4387 1113 4455 ipsa
1131 4387 1226 4455 gratia
1243 4401 1310 4439 san·

125 4470 277 4523 ctilicante
290 4470 474 4536 prastantior
484 4475 512 4520 ct
526 4469 690 4535 perlectior,
708 4483 758 4534 pro
774 4468 827 4519 hoe
841 4475 930 4519 statu.
945 4465 1199 4534 adprobationem
1212 4468 1310 4517 aaaron

125 4548 321 4601 irrilccalealis
341 4547 416 4612 dieo,
439 4563 496 4599 non
517 4563 581 4600 csse
601 4549 766 4615 paritatem,
788 4562 855 4599 nani
878 4547 963 4614 plura
982 4545 1176 4616 requiruntur
1195 4545 1232 4597 ad
1247 4560 1311 4612 pro·

125 4628 298 4682 ducendum
319 4628 452 4679 liabitnm
472 4626 738 4694 supernaturalem,
753 4641 842 4694 quarn
858 4626 1055 4694 actu1n,quia
1072 4625 1198 4677 babitus.
1213 4639 1321 4688 sapes-
