3075 5417
535 586 581 634 nu
604 586 738 636 cauria
754 586 996 635 surrrcmnra.
1288 568 1355 634 ‘283

174 707 295 779 quidem
314 708 409 762 modis
428 707 553 778 iiiielliyi
568 710 680 776 potest:
698 710 748 762 sed
767 709 814 761 bic
835 724 929 761 terrum
948 708 1046 762 dicam
1065 710 1096 762 id
1118 710 1160 763 iio
1178 710 1300 764 dicimo.
1324 714 1355 762 iri

175 788 384 857 intelliyaniur
401 803 501 841 omnes
526 788 739 857 predestinati,
763 788 834 857 quio
854 803 938 841 innare
963 805 1056 855 pontis
1076 781 1229 842 borninum
1258 790 1287 842 in
1315 791 1355 840 ris

174 871 226 923 est.
253 869 345 922 Tei-iio
363 869 405 922 alt
425 869 520 923 Deum
541 869 650 921 idcirco
678 867 737 922 dici
756 868 836 921 velle
855 884 956 923 omnes
977 869 1110 922 hominos
1135 870 1260 925 salvaro.
1284 872 1354 937 (ruia

174 950 247 1003 iecit
266 958 299 1002 ut
318 963 420 1002 ornnes
439 949 490 1016 qui
510 950 675 1016 salvantur,
696 950 792 1002 velint
810 949 935 1004 salvari:
965 965 1025 1017 quo
1043 965 1132 1002 scnsn
1153 951 1203 1003 lib.
1225 949 1267 1003 Do
1290 950 1355 1004 Cor·

177 1028 305 1097 raptione
332 1032 357 1080 ri
382 1029 478 1088 (troi,
509 1045 572 1097 cap.
607 1029 649 1082 15.
680 1029 890 1097 interpretatur
918 1030 1030 1084 dictum
1060 1030 1135 1083 illud
1157 1029 1289 1098 Apostoli
1319 1030 1356 1082 ad

175 1107 287 1174 Galat,
308 1124 373 1177 cap.
400 1111 420 1162 l.
443 1109 526 1161 ,llicit
545 1108 626 1163 Dens
644 1109 791 1177 Spiritum
812 1109 885 1162 Filii
902 1110 950 1162 soi
961 1112 1149 1162 clamantem:
1164 1111 1241 1162 lioba
1257 1111 1354 1162 I’oier.

175 1189 263 1255 idest,
293 1204 346 1243 nos
374 1190 503 1241 clamare
530 1190 696 1243 facientem.
718 1189 751 1241 Si
778 1205 852 1257 erqo,
883 1191 991 1257 inquit,
1020 1192 1196 1243 clamantem
1215 1190 1355 1257 spiritum

178 1269 249 1322 racio
267 1269 338 1323 dicit
356 1269 520 1337 Scriptura,
542 1285 559 1320 o
579 1285 636 1338 quo
654 1269 776 1337 affieiior
794 1271 827 1321 ot
841 1271 1012 1333 clamemus,
1035 1270 1205 1323 radicatione
1224 1273 1249 1321 ei
1265 1272 1356 1322 nolon·

177 1353 235 1403 iem
254 1348 351 1402 Drion
374 1366 392 1400 o
412 1365 469 1417 quo
496 1349 617 1417 officitur
638 1352 669 1402 iri
689 1350 820 1403 viliora.
843 1349 887 1402 Ex
916 1351 1025 1418 quibus
1044 1351 1175 1404 inierunt
1194 1350 1356 1403 adversarii

176 1430 274 1483 Deum
295 1445 353 1481 non
376 1429 528 1484 intendere
546 1429 733 1498 singulorum
754 1430 906 1484 hominum
930 1430 1066 1483 salutem.
1088 1460 1123 1469 -
1143 1433 1257 1483 verum
1277 1445 1357 1496 nego

177 1512 258 1563 hano
277 1511 457 1574 illationem,
476 1510 522 1563 his
541 1510 620 1562 enim
642 1510 722 1576 locis,
743 1510 889 1578 exemplis
908 1526 966 1563 non
995 1518 1091 1579 potest
1111 1511 1210 1564 inferri
1238 1511 1356 1579 negotio

177 1592 288 1644 dirinm
317 1591 480 1643 voluntatis
508 1590 538 1642 in
559 1605 670 1651 ornnes,
700 1590 751 1642 sed
772 1590 890 1658 negatio
910 1591 1005 1643 solnm
1026 1591 1220 1654 executionis,
1241 1600 1269 1643 ot
1290 1589 1356 1644 cil'e-

178 1681 264 1736 ctus3
297 1671 405 1723 idcirco
424 1670 623 1738 expositiones
652 1670 710 1722 illm
740 1670 776 1722 ad
806 1670 990 1725 voluntatem
1015 1672 1180 1724 absolutam
1204 1678 1233 1724 et
1257 1686 1357 1723 conso·

176 1759 319 1818 quentem
347 1750 502 1803 dumtaxat
531 1750 689 1803 relerendae
709 1758 795 1812 sunt;
825 1750 903 1817 quod
928 1752 1033 1819 utique
1061 1757 1160 1819 aperte
1179 1758 1293 1805 constat
1319 1765 1356 1803 cx

179 1831 242 1899 ipso
271 1830 412 1898 loquendi
441 1830 526 1882 modo
545 1831 731 1883 sanctissimo
761 1829 804 1882 illi
824 1831 944 1883 Doctori
966 1831 1121 1896 l'amiliari3
1152 1831 1356 1899 quaerit'enim

177 1912 290 1978 ubique
309 1925 368 1963 non
389 1916 448 1963 tom
468 1925 521 1963 cur
540 1910 622 1962 Deus
641 1919 693 1963 out
719 1911 862 1963 mediator
882 1911 1005 1963 libcrarc
1026 1911 1100 1964 nolit
1118 1925 1168 1964 eos
1187 1912 1238 1978 qui
1265 1910 1356 1979 peric·

179 1999 258 2056 runt,
288 2006 376 2057 quam
397 2006 450 2043 cur
470 1991 566 2057 reipsa
594 2005 652 2042 non
675 1990 788 2055 liberet,
818 2005 877 2042 non
908 1990 1041 2045 redimat.
1071 2006 1130 2044 non
1153 1990 1267 2044 salvet:
1298 2006 1357 2058 cluo

178 2086 269 2124 sensu
288 2071 404 2123 dicebat
430 2069 590 2137 Apostolus
619 2068 733 2122 (letaris
762 2071 868 2123 misere
896 2071 1088 2138 pereuntibus
1117 2089 1142 2124 r.
1164 2072 1189 2124 Ii.
1223 2071 1357 2122 t'loisms

179 2150 256 2203 veliis·
277 2151 351 2202 nimi
368 2149 497 2217 proderit
509 2164 519 2203 .·
537 2150 669 2201 erormoii
687 2149 754 2202 csiis
773 2166 791 2202 α
817 2149 940 2212 Cimism,
963 2150 1039 2204 idest
1058 2151 1153 2204 locum
1177 2151 1284 2204 ibidem
1307 2165 1357 2203 cx·

178 2236 307 2299 ponente
326 2227 355 2282 S.
378 2230 556 2298 Attgustlno¹
581 2230 714 2283 Cloisius
733 2247 750 2281 o
774 2230 848 2283 turbis
868 2233 1019 2299 {ordonum
1040 2247 1057 2282 a
1077 2231 1253 2298 luissessionr
1266 2246 1354 2299 pirron

179 2312 291 2362 teudmi
309 2311 454 2364 abscedit:
473 2310 544 2377 quio
563 2310 703 2364 videlicet
721 2319 819 2363 vostro
838 2310 956 2363 dci'ectu
976 2312 1069 2378 ipsius
1088 2326 1165 2364 mors
1185 2310 1258 2363 nilril
1274 2311 1359 2363 rolris

180 2391 318 2458 proderit.

234 2472 340 2523 Tertia
366 2472 515 2537 probatio.
545 2472 594 2522 lin·
621 2474 710 2522 morie
741 2470 850 2523 Cor-iso
876 2489 930 2538 pro
957 2472 1092 2524 ‹rotnibus
1126 2472 1302 2524 bominibus.
1323 2501 1358 2509 -

181 2550 232 2602 Eis
246 2560 448 2618 properantur
461 2566 495 2602 ac
509 2550 708 2617 disponuntur
720 2551 823 2618 gratiae
837 2551 1026 2612 sufficientes,
1039 2566 1090 2619 pro
1103 2553 1212 2619 quibus
1223 2550 1359 2604 Christus

180 2639 302 2683 mortem
323 2631 405 2696 obiit,
425 2639 454 2683 ot
480 2631 724 2698 pretiosissimum
744 2632 922 2699 sanguinem
949 2632 979 2683 in
999 2631 1229 2698 redemptionom
1256 2632 1357 2683 divino

181 2710 261 2764 Patri
282 2711 408 2764 obtulit:
438 2711 488 2762 sod
509 2710 616 2763 obtulit
643 2725 784 2778 cumpro
812 2711 941 2779 singulis
960 2710 1144 2778 quibuslibet
1169 2711 1356 2762 bominibus:

181 2792 273 2860 igitur
292 2791 420 2859 singulis
440 2798 584 2859 proporat
604 2806 637 2842 oc
651 2793 763 2844 coniert
783 2792 909 2860 gratiam
929 2791 1134 2844 sufficientem.
1153 2791 1293 2856 ,llojorrm
1309 2791 1358 2843 od·

182 2872 303 2924 mittunt
322 2886 433 2923 omncs.
456 2871 556 2922 ,llinor
574 2885 643 2922 roro
672 2873 821 2938 probatur.
845 2873 868 2923 l.
890 2886 926 2924 cx
952 2870 1004 2923 illo
1024 2869 1087 2923 (for.
1109 2871 1135 2923 ἴ).
1157 2870 1189 2921 b'i
1209 2886 1287 2922 roim
1304 2887 1359 2938 pro

179 2950 315 3002 omnibus
336 2954 468 3002 rnorimis
488 2953 548 3001 est:
577 2966 642 3015 erpo
661 2967 760 3003 orienes
781 2951 888 3003 merim
906 2954 997 3003 serni:
1026 2966 1091 3019 qun·
1111 2950 1244 3018 Apostoli
1265 2950 1360 3004 illatio

181 3031 336 3099 tripliciter
355 3039 450 3099 potest
470 3030 614 3096 intelligi:
639 3031 746 3086 l’rimo.
775 3043 808 3084 ut
838 3032 980 3084 inseratur
1005 3045 1107 3084 omncs
1137 3038 1265 3084 mortuos
1294 3044 1384 3083 esses

182 3116 274 3163 morte
293 3111 407 3178 pcccati
429 3112 458 3162 in
478 3110 600 3163 Adamo.
628 3112 769 3170 meroldo,
801 3126 903 3164 omncs
922 3117 1052 3164 mortuos
1077 3126 1141 3164 esse
1167 3112 1257 3164 veteri
1278 3113 1356 3164 vitae.

186 3190 294 3248 Tertio,
317 3191 423 3243 dobere
442 3190 605 3258 quemlibet
624 3207 655 3243 se
677 3201 811 3259 reputare
840 3207 874 3243 oc
893 3192 917 3243 si
937 3197 1015 3244 essct
1049 3197 1182 3244 mortuus
1206 3192 1261 3244 sibi
1293 3191 1357 3258 ipsi,

183 3269 376 3338 Quocumque
390 3279 489 3323 autom
504 3286 593 3323 sensu
608 3270 794 3338 intelligatur
814 3271 876 3323 licre
888 3270 1100 3339 colloquendo,
1118 3272 1258 3339 supponit
1281 3271 1359 3338 quod

181 3352 213 3402 in
232 3350 412 3402 irrito-olenti
431 3350 612 3414 conceditur,
635 3349 784 3403 Christum
809 3366 860 3418 pro
879 3352 1016 3405 omnibus
1045 3351 1165 3403 omnino
1190 3351 1359 3403 hominibus

182 3438 329 3483 mortuum
350 3447 423 3483 csso.
447 3430 519 3482 Nam
540 3432 564 3482 si
585 3431 833 3498 proquibusdam
855 3438 970 3484 tantum
996 3438 1129 3484 mortuns
1148 3439 1193 3484 est
1212 3429 1358 3488 Christus,

182 3510 328 3577 quomodo
349 3511 417 3562 indo
436 3510 589 3578 colligitur
608 3510 686 3577 quod
707 3526 809 3562 omncs
829 3512 935 3563 mortui
949 3519 1020 3564 sunt
1040 3516 1158 3579 peccato
1176 3511 1259 3570 Adrr,
1280 3512 1359 3578 quod

181 3604 284 3642 omncs
303 3591 375 3642 mori
396 3591 523 3643 debcant
542 3591 633 3642 reteri
648 3591 728 3654 vitre,
748 3590 828 3657 quod
842 3591 967 3657 quilibet
986 3590 1072 3644 debet
1090 3606 1121 3643 sc
1140 3601 1274 3659 reputare
1288 3601 1359 3644 tinit-

181 3684 270 3737 qnam
293 3676 438 3722 mortuum
454 3671 509 3721 sibi
531 3670 611 3738 ipsi?
631 3668 791 3737 Colligitur
804 3670 906 3722 collem
921 3671 1029 3723 veritas
1048 3685 1084 3724 ex
1100 3671 1150 3724 illo
1166 3672 1189 3723 1.
1206 3671 1314 3724 Jomm.
1331 3671 1357 3723 2.

181 3750 233 3802 ubi
254 3750 364 3802 dicitur
382 3749 418 3801 dc
439 3748 555 3803 Christo
575 3750 711 3812 Domino,
733 3750 812 3817 quod
835 3751 897 3817 lpse
915 3752 956 3801 esi
980 3749 1149 3817 propitiatio
1166 3766 1220 3819 pro
1237 3751 1360 3818 precatis

183 3830 299 3886 nostris,
331 3846 386 3880 non
405 3846 461 3897 pro
481 3831 587 3882 ilustris
614 3832 714 3881 orricio
735 3832 862 3885 ioniion.
883 3831 933 3882 scd
952 3829 1039 3881 cliton
1061 3846 1115 3897 pro
1135 3830 1222 3882 totins
1242 3831 1358 3882 vuinidi.

185 3909 239 3962 lei
270 3911 390 3961 nomine
411 3910 497 3960 iotim·
523 3909 631 3962 nariodi
659 3925 718 3961 non
745 3910 840 3962 solum
864 3909 979 3963 Eiectos
1007 3926 1045 3962 cx
1069 3917 1129 3963 toto
1159 3911 1278 3974 mundo,
1309 3910 1361 3961 sod

182 3990 271 4042 etiam
301 3990 437 4056 reprobos
464 3991 624 4058 significat,
645 3994 679 4042 ut
707 3990 917 4057 intorpretatur
945 3987 1111 4042 Concilium
1138 3990 1359 4052 Tridentirmm,

182 4068 260 4121 Sess.
282 4069 307 4120 ti.
329 4084 354 4120 c.
376 4069 401 4120 :t
423 4070 473 4121 nbi
503 4069 611 4121 exilio
639 4069 734 4121 salicti
755 4069 881 4121 loannis
911 4069 983 4135 loeo,
1013 4084 1101 4136 quem
1123 4069 1224 4123 rotulit
1252 4070 1282 4121 in
1303 4072 1361 4122 line

182 4150 287 4216 capitis
307 4149 510 4215 procedentis,
541 4150 584 4201 sic
604 4151 701 4202 inlert:
730 4150 833 4200 lerum
859 4150 912 4201 risi
935 4150 981 4202 illo
998 4165 1053 4217 pro
1072 4150 1207 4203 omnibns
1227 4154 1361 4201 inor-bins

182 4231 233 4290 eri,
257 4245 312 4279 non
333 4245 431 4279 omncs
460 4231 556 4280 tarnim
578 4230 679 4281 irioiiis
698 4230 762 4295 ojus
790 4230 958 4296 imitationem
982 4229 1134 4298 recipiunt.
1166 4231 1216 4281 sed
1235 4229 1256 4281 ii
1274 4231 1362 4282 ‹trior-

183 4310 277 4368 ioaeoi,
308 4308 413 4376 quibos·
434 4308 570 4360 nor-iimo
597 4309 745 4377 piissimos
763 4312 827 4375 cejiis
855 4309 1100 4363 cornmmricoiur.
1122 4311 1235 4373 Quibus
1256 4297 1361 4362 ¹verbis

182 4388 268 4441 docet
288 4387 465 4454 Concilium,
488 4387 636 4442 Christum
658 4390 745 4441 otiam
767 4399 915 4443 mortuum
936 4390 1028 4443 luisse
1048 4406 1100 4458 pro
1118 4393 1171 4448 eis.
1193 4391 1245 4457 oui
1261 4392 1364 4442 mortis

182 4468 248 4533 ejus
269 4469 443 4520 beneficium
465 4483 524 4521 non
546 4476 728 4537 receperunt.

240 4549 384 4599 l’rrdmtm·
402 4550 431 4600 2.
453 4548 562 4600 Eadem
584 4551 679 4612 mojm·
691 4551 866 4602 anctoritate
879 4555 1047 4604 sanctorum
1063 4551 1182 4605 l'atrum
1199 4552 1223 4603 l.
1239 4551 1360 4619 quidem

182 4643 295 4686 corum,
317 4628 367 4695 qui
388 4635 523 4681 sanctum
545 4628 747 4698 Augustinum
767 4637 1000 4694 antecesserunt,
1022 4633 1133 4700 quique
1151 4632 1289 4684 unanimi
1303 4632 1361 4682 crd-
