3075 5417
532 635 576 682 os
599 636 733 683 onmis
756 635 997 684 suerranum.
1288 616 1354 683 287

173 756 263 825 eujus
283 758 408 826 Prosper
428 757 565 811 NotarIus
590 758 681 811 luisse
709 758 829 824 dieitur,
849 758 1003 811 simillima
1028 759 1137 827 profert
1157 755 1299 812 Sermone
1326 758 1354 810 1.

176 836 219 891 De
241 838 398 890 Natiuitale
418 837 556 890 Domini:
576 838 723 890 Dominus
742 840 848 898 noster,
874 838 982 906 inquit,
1000 838 1111 906 peceati
1130 839 1288 906 mortisque
1309 839 1356 891 de·

175 920 309 978 struelor,
331 917 406 969 sieut
426 919 541 970 nullum
562 935 579 969 a
602 920 683 970 reatu
702 918 825 971 liberum
845 917 959 985 reperit,
981 918 1022 970 ila
1042 917 1201 971 liberandis
1220 918 1356 971 ontnibus

178 997 269 1050 imur.-
285 998 322 1051 Et
341 995 434 1050 Serm,
457 998 499 1050 11.
520 996 564 1050 De
585 998 724 1050 l'assioue
742 997 882 1050 Doniini:
903 997 1108 1051 l’roomnibus
1128 997 1229 1066 impiis
1241 1000 1356 1050 mortuo

175 1077 313 1136 Domino,
345 1078 452 1145 inquit,
481 1077 570 1130 eliam
597 1078 697 1130 Jialas
720 1076 749 1130 iu
771 1094 802 1131 eo
818 1077 961 1145 potuisset
978 1076 1115 1146 consequi
1135 1077 1307 1141 remedium,
1328 1077 1356 1130 si

177 1173 232 1211 non
262 1157 430 1223 festinasset
456 1158 503 1210 ad·
523 1159 672 1226 laqueum.
693 1188 728 1196 -
747 1155 777 1211 S.
800 1155 969 1225 Salvianus,
992 1157 1041 1211 lib.
1063 1157 1089 1211 2.
1111 1157 1158 1210 Ad
1178 1157 1353 1211 Ecclesiam.-

178 1238 312 1292 Cltristas
331 1237 406 1290 sient
424 1253 478 1304 pro
505 1238 641 1290 erunibus
659 1253 770 1306 passus
789 1240 841 1296 est.
861 1237 903 1291 sie
919 1254 974 1306 pro
998 1237 1125 1306 sinpulis
1146 1240 1172 1290 el
1190 1237 1302 1290 curretis
1326 1252 1356 1290 se

176 1317 324 1385 impendit
339 1317 453 1386 pariter
471 1319 498 1369 et
516 1317 660 1384 sinpulis:
679 1320 705 1372 el
724 1320 817 1370 lotum
830 1334 859 1370 se.
872 1317 954 1370 dedit
972 1317 1125 1376 territersis,
1145 1320 1171 1369 el
1191 1319 1284 1371 lolam
1296 1317 1356 1370 sin·

170 1398 270 1466 pedis:
290 1414 323 1449 ae
330 1415 388 1470 per
400 1399 451 1450 lire
470 1398 617 1466 qnidquid
632 1398 769 1466 passione
788 1413 843 1450 sua
862 1399 997 1451 Salvator
1012 1397 1160 1465 prostitit.
1175 1397 1250 1451 sicui
1263 1400 1356 1450 tolum

176 1478 202 1530 ei
221 1478 323 1530 ‹lebenl
343 1476 480 1534 roura-si,
501 1477 542 1530 sie
562 1478 654 1530 tolum
672 1476 793 1545 siupuli.
814 1475 990 1531 —Sanetus
1004 1475 1149 1530 Caesarius
1162 1475 1355 1543 Arelatensis,

180 1557 307 1610 Homilia
327 1557 370 1610 Ξῖ.
391 1557 527 1625 aperiens
547 1573 600 1610 our
619 1555 753 1611 Christus
774 1557 935 1623 injudicio
955 1557 1080 1611 tulnera
1101 1572 1150 1626 pro
1164 1558 1295 1626 reprobis
1307 1573 1356 1612 su·

176 1649 277 1706 scepta
297 1638 339 1690 eis
358 1637 397 1690 sit
415 1647 598 1703 ostensuram,
613 1638 669 1691 ait:
688 1637 764 1699 Quid
778 1638 805 1690 si
819 1637 951 1707 requiras
969 1639 1112 1706 qrioinodo
1131 1637 1248 1690 verrini?
1261 1638 1292 1689 in
1307 1637 1357 1691 illo

179 1718 278 1786 titique,
297 1733 411 1786 corpore
430 1719 508 1786 quiid
523 1733 579 1785 pro
601 1721 699 1770 nostra
727 1720 822 1770 salute
850 1721 1029 1786 sraseeplnm,
1053 1734 1107 1786 pro
1127 1720 1225 1770 nostra
1244 1719 1357 1771 absolu-

176 1798 252 1850 tione
274 1801 388 1858 trellum,
409 1799 436 1850 el
452 1815 507 1865 pro
526 1801 693 1851 noslrnrum
715 1800 870 1850 militorum
899 1798 1055 1864 medicina,
1079 1800 1190 1854 laneea,
1211 1797 1357 1867 elatisque

175 1878 327 1944 ‹orisiwnm
348 1880 398 1930 est.
422 1878 524 1930 l’rima
544 1877 622 1931 entim
641 1878 695 1931 eril
715 1878 745 1930 in
769 1894 828 1931 reos
854 1879 1039 1931 intoleramla
1061 1879 1205 1931 sententia
1230 1894 1355 1931 reiteren-

176 1960 285 2012 darrnn
304 1958 460 2026 prasentia
480 1958 669 2011 eiealrieum:
689 1958 763 2026 qiiid
786 1959 878 2026 ipilur
896 1959 945 2011 illo
964 1961 1090 2026 tempore
1111 1957 1223 2024 inclini
1239 1974 1355 2014 siturus.

176 2039 297 2107 picando
316 2040 415 2090 eontra
436 2038 500 2090 illos
518 2038 655 2104 irradiari
672 2037 796 2091 Domini
815 2038 927 2094 littores.
954 2041 1027 2091 nola
1044 2040 1228 2106 peccalorum·
1247 2040 1357 2090 nostro-

180 2135 257 2172 rum.
279 2121 305 2169 el
325 2119 447 2170 numida
475 2117 607 2169 libidinis
633 2117 842 2185 proferentur?
863 2120 916 2169 aid
939 2134 996 2186 quo
1015 2120 1105 2186 pratas
1126 2119 1207 2170 rullu
1229 2117 1358 2185 respiciet

182 2197 350 2265 lledemplio
371 2200 468 2250 inrslra
485 2197 679 2265 perditionem
700 2198 853 2250 nostram?
873 2200 954 2250 laulo
970 2198 1105 2266 praviora
1119 2200 1205 2250 eruent
1224 2198 1357 2250 litimana

177 2278 294 2338 (lebeta,
316 2280 426 2346 peremto
445 2279 559 2340 ritaioro
580 2295 608 2329 se
626 2278 805 2330 osternlerint
824 2278 926 2330 dii-ina
946 2277 1090 2345 benesieia.
1112 2277 1229 2331 Similia
1248 2279 1358 2331 habent

182 2358 258 2410 lteda
281 2359 309 2410 iu
331 2375 394 2426 cap.
416 2357 460 2410 ut.
485 2357 584 2423 luxere,
605 2365 634 2411 et
654 2357 834 2411 Laurentius
864 2358 1055 2411 lastinianus
1084 2358 1134 2411 lib.
1168 2357 1255 2425 lipni
1280 2358 1354 2416 eila.

178 2455 243 2507 eap.
265 2439 290 2490 -Ι,
1229 2489 1235 2500 ,
1392 2437 1396 2446 “

234 2519 397 2573 armico-s:
419 2516 553 2570 Christus
573 2518 719 2571 Dominus
739 2534 791 2587 pro
810 2519 880 2571 solis
901 2518 1117 2586 praedestinatis
1136 2527 1180 2572 est
1204 2529 1355 2572 mortuus:

177 2614 250 2666 ergo
270 2614 327 2650 nou
350 2614 400 2667 pro
421 2600 558 2651 omnibus
582 2605 611 2651 et
633 2598 761 2667 singulis
791 2599 971 2651 hominibus.
1004 2600 1147 2651 Probatur
1170 2600 1357 2651 antecedens:

178 2679 276 2746 prinm
297 2695 334 2730 ex
354 2677 515 2746 Scriptura.
538 2679 585 2731 sie
607 2678 714 2731 loann.
738 2680 780 2732 10.
803 2678 944 2731 Animam
972 2694 1068 2730 meam
1088 2695 1166 2747 pono
1183 2695 1238 2746 pro
1258 2679 1358 2731 oribus

184 2758 263 2810 nmis.
287 2758 323 2811 Et
341 2774 405 2826 cap.
424 2758 466 2810 17.
482 2759 547 2810 Non
567 2775 622 2826 pro
641 2760 753 2810 morula
775 2774 848 2826 rapo.
870 2759 920 2811 sed
938 2775 992 2826 pro
1005 2758 1051 2810 bis
1064 2774 1135 2825 qum
1154 2758 1261 2811 dalisli
1274 2758 1356 2811 inibi.

182 2838 238 2890 l'bi
261 2836 290 2890 S.
313 2837 441 2907 August.
465 2840 625 2898 llurulurn,
642 2838 749 2906 inquit,
767 2841 827 2892 rull
840 2840 891 2891 boo
904 2839 989 2891 modo
1002 2838 1135 2906 inlellipi,
1151 2839 1203 2907 qni
1216 2854 1273 2891 non
1288 2840 1359 2891 sunl

181 2920 213 2969 iu
233 2935 264 2968 ea
285 2921 358 2971 sorle
374 2918 479 2985 pratia
500 2922 530 2969 nl
549 2920 584 2971 ab
605 2918 654 2970 illo
672 2919 821 2984 elipando·
838 2935 875 2972 ior
894 2920 1016 2971 rnrmdo.
1038 2920 1105 2971 Xon
1126 2919 1223 2987 itaque
1234 2935 1289 2986 pro
1301 2919 1357 2983 bis,

181 2999 231 3051 sed
243 3015 297 3066 pro
317 2998 376 3051 illis
396 3015 467 3066 qltbs'
486 2999 511 3048 ei
533 3001 618 3051 l'aler
645 2998 725 3051 dedit
753 3015 851 3066 ropare
873 3015 902 3049 se
921 2999 1001 3052 dieii.
1023 2999 1100 3052 lline
1123 2999 1212 3068 Epist.
1235 2999 1295 3051 102.
1319 3015 1359 3052 ro·

180 3081 278 3131 terens
300 3079 362 3130 haee
381 3079 471 3131 verba
492 3077 599 3132 Christi
620 3079 739 3131 Domini
761 3079 847 3131 loun.
869 3078 913 3132 Ξῖ,
938 3080 1013 3140 Quos
1025 3078 1132 3132 dedisti
1150 3079 1233 3134 mibi.
1249 3095 1297 3146 epo
1310 3097 1358 3131 en·

179 3158 297 3214 stodiri.
319 3160 344 3210 et
366 3173 448 3209 ieiuno
467 3175 503 3210 ese
522 3158 567 3208 liis
585 3158 831 3225 peruasisset
851 3159 939 3225 periit
959 3175 1038 3211 urreis
1051 3175 1087 3211 ear
1100 3158 1169 3218 illis,
1189 3159 1359 3227 proquibus

184 3240 317 3290 mmtinis
337 3240 377 3289 est
409 3237 560 3290 llo-istos:
591 3239 692 3306 igitur,
713 3247 768 3292 ete.
791 3270 825 3277 -
844 3240 1036 3305 Respondeo,
1055 3239 1132 3307 quod
1152 3240 1228 3292 sieut
1248 3239 1358 3308 duplex

179 3329 225 3371 est
240 3319 268 3369 iu
292 3317 354 3369 Deo
367 3332 464 3385 genus
478 3318 650 3370 intentionis
665 3320 743 3371 eirea
755 3318 881 3371 salutem
904 3319 1080 3385 htrrnauam,
1095 3334 1188 3373 unum
1208 3320 1358 3388 generale,

180 3398 260 3465 qrrod
279 3412 356 3465 sape
376 3398 511 3464 privatur
530 3398 643 3451 intento
671 3399 717 3452 vel
748 3399 871 3464 ostream
901 3400 1026 3452 alterum
1052 3404 1096 3452 est
1122 3399 1360 3468 specialitatum

182 3493 334 3544 nunquam
372 3477 532 3545 impeditur
560 3485 611 3531 aut
639 3478 856 3531 intruetuosum
880 3486 939 3532 est:
960 3478 992 3531 in
1015 3478 1099 3532 l'iliis
1119 3479 1182 3538 Dei,
1204 3479 1233 3531 in
1255 3496 1359 3532 inemo-

183 3558 251 3609 riali
268 3557 363 3608 l'atris
382 3557 431 3609 sui
450 3557 621 3609 imminuisse
651 3558 807 3610 stabilitate
835 3558 1021 3626 errrrseriplis,
1045 3565 1079 3612 ut
1099 3560 1230 3628 loquitur
1248 3557 1278 3613 S.
1301 3559 1359 3613 Au·

181 3646 273 3704 aust,
295 3638 345 3689 lib.
369 3637 410 3689 lle
436 3637 618 3705 (irruptione
641 3641 666 3688 el
692 3638 807 3696 (initia,
833 3654 897 3708 eap.
920 3639 946 3691 9.
968 3639 1009 3692 ita
1030 3639 1140 3707 duplex
1166 3646 1210 3693 est
1235 3641 1360 3693 intentio

184 3717 369 3769 Mediatoris:
392 3733 451 3770 uua
468 3717 622 3781 pererratis.
644 3733 710 3784 quae
730 3733 785 3770 suo
806 3719 933 3771 lrsudarl
949 3725 1043 3787 potest
1062 3719 1177 3785 ellectu,
1193 3719 1228 3772 de
1248 3736 1305 3787 ilua
1322 3720 1360 3773 lo-

181 3798 328 3862 quebatur
347 3797 506 3864 Apostolus
525 3797 561 3849 ad
582 3798 712 3861 (inlatas,
734 3798 851 3851 diceus:
874 3798 1016 3851 llrraeuati
1034 3798 1101 3850 estis
1120 3816 1137 3850 a
1160 3799 1283 3854 (lbristo.
1306 3800 1360 3851 hoo

181 3885 236 3942 est,
258 3878 388 3929 frustrati
408 3878 479 3929 estis
498 3878 611 3929 meritis
630 3877 704 3944 epus,
718 3893 773 3945 pro
789 3877 863 3930 robis
877 3878 994 3946 peridem
1014 3879 1132 3932 rnorlui.
1154 3879 1204 3930 sed
1217 3878 1362 3930 inutiliter

181 3959 299 4024 propter
320 3959 442 4008 reslrani
462 3957 621 4009 socordiam
642 3959 667 4007 el
682 3957 929 4012 ineonslanliarn:
948 3959 1040 4011 altera
1053 3974 1122 4011 xero
1140 3958 1274 4026 spei-iulis
1294 3975 1360 4026 queo

181 4045 295 4104 spectat
317 4036 352 4088 ud
376 4036 613 4098 l‘radestiuatos,
641 4046 670 4090 et
694 4038 815 4105 eosqui
839 4035 947 4091 Christi
976 4038 1122 4106 passionis
1151 4038 1286 4091 meritum
1311 4055 1362 4108 per

184 4117 269 4168 tidele
289 4132 376 4169 suum
397 4118 571 4184 obsequium
591 4118 647 4168 sibi
668 4117 828 4185 applicant.
851 4118 943 4180 Quam
963 4129 1120 4185 utramque
1135 4118 1304 4172 Mediatoris
1318 4119 1360 4171 in·

184 4198 343 4250 tentionem
364 4198 407 4249 sie
427 4197 558 4264 explieat
576 4195 606 4249 S.
629 4197 754 4265 Prosper
773 4198 809 4249 nd
830 4198 1026 4264 objectionem
1055 4214 1161 4251 nonam
1187 4197 1358 4253 Gallorum:

186 4277 258 4328 ll‘rirn
282 4277 437 4328 reelissime
456 4276 574 4328 ‹liealnr
592 4278 727 4329 militana·
743 4294 798 4345 pro
818 4278 906 4330 lolius
925 4278 1033 4331 ntrmdi
1054 4278 1247 4347 redemptione
1269 4280 1361 4332 ernei-

183 4358 279 4422 siaens.
299 4359 392 4423 polest
412 4359 508 4408 linnen
529 4356 588 4408 diei
598 4372 654 4424 pro
666 4357 712 4409 ltis
733 4360 849 4410 lantum
870 4357 1041 4425 crucifixus,
1056 4359 1162 4427 peribus
1175 4375 1253 4411 mors
1267 4359 1361 4426 ipsius

182 4435 308 4503 profuit.
333 4436 440 4488 llodern
461 4436 549 4504 plano
567 4451 657 4489 sensu
677 4435 808 4510 loquitur
828 4435 857 4490 S.
878 4436 1006 4508 August.
1027 4439 1259 4510 expositionem
1280 4440 1361 4492 Psal-

185 4531 265 4568 mum
294 4515 338 4569 iti.
369 4531 521 4583 exponens
549 4515 612 4567 hae
634 4517 739 4570 verba:
765 4518 834 4570 'l'ola
854 4518 900 4571 die
919 4519 1051 4586 erpa-ndi
1072 4535 1179 4572 manus
1198 4534 1291 4574 meas:
1309 4521 1361 4573 ubi

182 4597 239 4648 ait:
262 4595 335 4647 sons
351 4594 570 4663 praedestinatis
589 4595 629 4647 ad
646 4598 786 4649 aternani
806 4599 941 4662 salutem,
963 4614 1019 4653 non
1039 4602 1136 4652 irritem
1151 4600 1363 4665 ornnibusejus

181 4677 256 4726 trina
270 4690 355 4742 opera
367 4673 556 4742 profuerunt.
573 4674 617 4727 lie
631 4677 784 4744 posteriori
798 4678 966 4734 intentione
978 4679 1157 4734 mediatoris
1171 4677 1387 4743 'oneramus
